% IWSLT2014
@inproceedings{cettolo2014report,
  title={Report on the 11th {IWSLT} Evaluation Campaign, {IWSLT} 2014},
  author={Cettolo, Mauro and Niehues, Jan and St{\"u}ker, Sebastian and Bentivogli, Luisa and Federico, Marcello},
  booktitle={Proceedings of the eleventh International Workshop on Spoken Language Translation (IWSLT), Lake Tahoe, CA},
  pages={2--17},
  year={2014}
}
% WMT14
@inproceedings{bojar2014findings,
  title={Findings of the 2014 workshop on statistical machine translation},
  author={Bojar, Ond\v{r}ej and Buck, Christian and Federmann, Christian and Haddow, Barry and Koehn, Philipp and Leveling, Johannes and Monz, Christof and Pecina, Pavel and Post, Matt and Saint-Amand, Herve and others},
  booktitle={Proceedings of the Ninth Workshop on Statistical Machine Translation},
  pages={12--58},
  year={2014},
}
% WMT15
@InProceedings{WMT15,
  author    = {Bojar, Ond\v{r}ej  and  Chatterjee, Rajen  and  Federmann, Christian  and  Haddow, Barry  and  Huck, Matthias  and  Hokamp, Chris  and  Koehn, Philipp  and  Logacheva, Varvara  and  Monz, Christof  and  Negri, Matteo  and  Post, Matt  and  Scarton, Carolina  and  Specia, Lucia  and  Turchi, Marco},
  title     = {Findings of the 2015 Workshop on Statistical Machine Translation},
  booktitle = {Proceedings of the Tenth Workshop on Statistical Machine Translation},
  year      = {2015},
  address   = {Lisbon, Portugal},
  pages     = {1--46},
}

% BLEU Score
@inproceedings{papineni2002bleu,
  title={{BLEU}: a method for automatic evaluation of machine translation},
  author={Papineni, Kishore and Roukos, Salim and Ward, Todd and Zhu, Wei-Jing},
  booktitle={Proceedings of the 40th annual meeting on association for computational linguistics},
  pages={311--318},
  year={2002},
}

% WAT14
@inproceedings{nakazawa2014overview,
  title={Overview of the First Workshop on {A}sian Translation},
  author={Nakazawa, Toshiaki and Mino, Hideya and Goto, Isao and Kurohashi, Sadao and Sumita, Eiichiro},
  booktitle={Proceedings of the First Workshop on Asian Translation (WAT2014)},
  year={2014},
  address={Tokyo, Japan},
}

% BLEU B****ing
@inproceedings{babych2004extending,
  title={Extending the {BLEU} {MT} evaluation method with frequency weightings},
  author={Babych, Bogdan and Hartley, Anthony},
  booktitle={Proceedings of the 42nd Annual Meeting on Association for Computational Linguistics},
  pages={621},
  year={2004}
}
@inproceedings{callison2006re,
  title={Re-evaluation the Role of {B}leu in Machine Translation Research},
  author={Callison-Burch, Chris and Osborne, Miles and Koehn, Philipp},
  booktitle={EACL},
  volume={6},
  pages={249--256},
  year={2006}
}
@inproceedings{callison2007meta,
  title={(Meta-) evaluation of machine translation},
  author={Callison-Burch, Chris and Fordyce, Cameron and Koehn, Philipp and Monz, Christof and Schroeder, Josh},
  booktitle={Proceedings of the Second Workshop on Statistical Machine Translation},
  pages={136--158},
  year={2007},
}
% Yvette and Tim BLEU B****ing
@InProceedings{graham-baldwin2015,
  author    = {Graham, Yvette  and  Baldwin, Timothy  and  Mathur, Nitika},
  title     = {Accurate Evaluation of Segment-level Machine Translation Metrics},
  booktitle = {Proceedings of the 2015 Conference of the North American Chapter of the Association for Computational Linguistics: Human Language Technologies},
  year      = {2015},
  address   = {Denver, Colorado},
  pages     = {1183--1191},
  url       = {http://www.aclweb.org/anthology/N15-1124}
}
% WMT15 Metric task
@InProceedings{WMT15-metric,
  author    = {Stanojevi\'{c}, Milo\v{s}  and  Kamran, Amir  and  Koehn, Philipp  and  Bojar, Ond\v{r}ej},
  title     = {Results of the {WMT}15 Metrics Shared Task},
  booktitle = {Proceedings of the Tenth Workshop on Statistical Machine Translation},
  year      = {2015},
  address   = {Lisbon, Portugal},
  pages     = {256--273},
  url       = {http://aclweb.org/anthology/W15-3031}
}




% RIBES
@inproceedings{isozaki2010automatic,
  title={Automatic evaluation of translation quality for distant language pairs},
  author={Isozaki, Hideki and Hirao, Tsutomu and Duh, Kevin and Sudoh, Katsuhito and Tsukada, Hajime},
  booktitle={Proceedings of the 2010 Conference on Empirical Methods in Natural Language Processing},
  pages={944--952},
  year={2010}
}


% Linguistics Features MT eval
@inproceedings{Gimenez2007,
 author = {Gim\'{e}nez, Jes\'{u}s and M\`{a}rquez, Llu\'{i}s},
 title = {Linguistic Features for Automatic Evaluation of Heterogenous {MT} Systems},
 booktitle = {Proceedings of the Second Workshop on Statistical Machine Translation},
 year = {2007},
 location = {Prague, Czech Republic},
 pages = {256--264},
 numpages = {9},
 address = {Stroudsburg, PA, USA},
} 

% METEOR
@inproceedings{banerjee2005meteor,
  title={{METEOR}: An automatic metric for {MT} evaluation with improved correlation with human judgments},
  author={Banerjee, Satanjeev and Lavie, Alon},
  booktitle={Proceedings of the ACL Workshop on Intrinsic and Extrinsic Evaluation Measures for Machine Translation and/or Summarization},
  volume={29},
  pages={65--72},
  year={2005}
}
@inproceedings{lavie2007meteor,
  title={{METEOR}: An automatic metric for {MT} evaluation with high levels of correlation with human judgments},
  author={Lavie, Alon and Agarwal, Abhaya},
  booktitle={Proceedings of the Second Workshop on Statistical Machine Translation},
  pages={228--231},
  year={2007}
}

@InProceedings{vela-comet,
  author    = {Vela, Mihaela  and  Tan, Liling},
  title     = {Predicting Machine Translation Adequacy with Document Embeddings},
  booktitle = {Proceedings of the Tenth Workshop on Statistical Machine Translation},
  year      = {2015},
  address   = {Lisbon, Portugal},
  pages     = {402--410},
  url       = {http://aclweb.org/anthology/W15-3051}
}

@InProceedings{gupta-reval,
  author    = {Gupta, Rohit  and  Orasan, Constantin  and  van Genabith, Josef},
  title     = {{ReVal}: A Simple and Effective Machine Translation Evaluation Metric Based on Recurrent Neural Networks},
  booktitle = {Proceedings of the 2015 Conference on Empirical Methods in Natural Language Processing},
  year      = {2015},
  address   = {Lisbon, Portugal},
  pages     = {1066--1072},
  url       = {http://aclweb.org/anthology/D15-1124}
}

% ROUGE
@inproceedings{lin-rouge,
  author    = {Lin, Chin-Yew},
  title     = {{ROUGE}: A Package for Automatic Evaluation of Summaries},
  booktitle = {Text Summarization Branches Out: Proceedings of the ACL-04 Workshop},
  editor    = {Marie-Francine Moens, Stan Szpakowicz},
  year      = {2004},
  address   = {Barcelona, Spain},
  pages     = {74--81}
}
% ROUGE-S
@inproceedings{lin-rouges,
 author    = {Lin, Chin-Yew and Och, Franz Josef},
 title     = {Automatic Evaluation of Machine Translation Quality Using Longest Common Subsequence and Skip-bigram Statistics},
 booktitle = {Proceedings of the 42nd Annual Meeting on Association for Computational Linguistics},
 year      = {2004},
 location  = {Barcelona, Spain},
 address   = {Stroudsburg, PA, USA},
} 



@inproceedings{tan2014manipulating,
  title     = {Manipulating Input Data in Machine Translation},
  author    = {Tan, Liling and Bond, Francis},
  booktitle = {Proceedings of the 1st Workshop on Asian Translation (WAT2014)},
  year      = {2014}
}

@inproceedings{WAT2015overview,
  title={Overview of the 2nd Workshop on {A}sian Translation},
  author={Nakazawa, Toshiaki and Mino, Hideya and Goto, Isao and Neubig, Graham and Kurohashi, Sadao and Sumita, Eiichiro},
  booktitle={Proceedings of the 2nd Workshop on Asian Translation (WAT2015)},
  year={2015},
  address={Kyoto, Japan},
}


@InProceedings{tan-pervasive,
  author    = {Tan, Liling and van Genabith, Josef and Bond, Francis},
  title     = {Passive and Pervasive Use of Bilingual Dictionary in Statistical Machine Translation},
  booktitle = {Proceedings of the Fourth Workshop on Hybrid Approaches to Translation (HyTra)},
  year      = {2015},
  address   = {Beijing},
  pages     = {30--34},
  url       = {http://www.aclweb.org/anthology/W15-4105}
}

% KONLPY
@inproceedings{park2014konlpy,
  title={{KoNLPy}: {K}orean natural language processing in {P}ython},
  author={Park, Eunjeong L. and Cho, Sungzoon},
  booktitle={Proceedings of the 26th Annual Conference on Human and Cognitive Language Technology},
  address={Chuncheon, Korea},
  year={2014} 
}

% mecab
@inproceedings{kudo2004applying,
  title={Applying Conditional Random Fields to {J}apanese Morphological Analysis},
  author={Kudo, Taku and Yamamoto, Kaoru and Matsumoto, Yuji},
  booktitle={Proceedings of the Conference on Empirical Methods in Natural Language Processing},
  year={2004},
  pages={230--237}
}


% moses
@inproceedings{koehn2003statistical,
  title={Statistical phrase-based translation},
  author={Koehn, Philipp and Och, Franz Josef and Marcu, Daniel},
  booktitle={Proceedings of the 2003 Conference of the North American Chapter of the Association for Computational Linguistics on Human Language Technology-Volume 1},
  pages={48--54},
  year={2003}
}

@inproceedings{koehn2007moses,
  title={{M}oses: Open source toolkit for statistical machine translation},
  author={Koehn, Philipp and Hoang, Hieu and Birch, Alexandra and Callison-Burch, Chris and Federico, Marcello and Bertoldi, Nicola and Cowan, Brooke and Shen, Wade and Moran, Christine and Zens, Richard and others},
  booktitle={Proceedings of the 45th annual meeting of the ACL on interactive poster and demonstration sessions},
  pages={177--180},
  year={2007}
}

@inproceedings{koehn2005europarl,
  title     = {{E}uroparl: A parallel corpus for statistical machine translation},
  author    = {Koehn, Philipp},
  booktitle = {Proceedings of MT Summit, vol. 5, pp. 79-86.},
  year      = {2005}
}  


% lexicaled reordering
@inproceedings{galley2008simple,
  title     = {A simple and effective hierarchical phrase reordering model},
  author    = {Galley, Michel and Manning, Christopher D},
  booktitle = {Proceedings of the Conference on Empirical Methods in Natural Language Processing},
  pages     = {848--856},
  year      = {2008}
}

% kenlm
@inproceedings{Heafield-kenlm,
  author    = {Kenneth Heafield},
  title     = {{KenLM}: Faster and Smaller Language Model Queries},
  year      = {2011},
  booktitle = {Proceedings of the {EMNLP} 2011 Sixth Workshop on Statistical Machine Translation},
  address   = {Edinburgh, Scotland, United Kingdom},
  pages     = {187--197}
}

% kneser and ney
@inproceedings{kneser1995improved,
  title        = {Improved backing-off for m-gram language modeling},
  author       = {Kneser, Reinhard and Ney, Hermann},
  booktitle    = {Acoustics, Speech, and Signal Processing, 1995. ICASSP-95., 1995 International Conference on},
  volume       = {1},
  pages        = {181--184},
  year         = {1995},
}


% giza++
@article{och2003systematic,
  title={A systematic comparison of various statistical alignment models},
  author={Och, Franz Josef and Ney, Hermann},
  journal={Computational linguistics},
  volume={29},
  number={1},
  pages={19--51},
  year={2003},
  publisher={MIT Press}
}

% Truecasing
@InProceedings{wangknightmarcu2006,
author = {Wang, Wei and Knight, Kevin and Marcu, Daniel},
title = {Capitalizing Machine Translation},
booktitle = {Proceedings of the Human Language Technology Conference of the NAACL, Main Conference},
address = {New York City, USA},
pages = {1--8},
url = {http://www.aclweb.org/anthology/N/N06/N06-1001},
year = {2006}
}

% Truecasing
@inproceedings{lita2003,
author = {Lita, Lucian Vlad and Ittycheriah, Abraham and Roukos, Salim and Kambhatla, Nanda},
title = {{tRuEcasIng}},
booktitle = {Proceedings of the 41st Annual Meeting of the Association for Computational Linguistics},
editor = {Erhard Hinrichs and Dan Roth},
url = {http://www.aclweb.org/anthology/P03-1020.pdf},
pages = {152--159},
year = {2003}
}

% kenlm + quantized + trie
@InProceedings{heafield2013-quantized,
  author    = {Heafield, Kenneth  and  Pouzyrevsky, Ivan  and  Clark, Jonathan H.  and  Koehn, Philipp},
  title     = {Scalable Modified {K}neser-{N}ey Language Model Estimation},
  booktitle = {Proceedings of the 51st Annual Meeting of the Association for Computational Linguistics (Volume 2: Short Papers)},
  year      = {2013},
  address   = {Sofia, Bulgaria},
  pages     = {690--696}
}

% quantized lm
@inproceedings{whittaker2001quantization,
  title={Quantization-based language model compression},
  author={Whittaker, Edward W.D. and Raj, Bhiksha},
  booktitle={Proceedings of INTERSPEECH},
  pages={33--36},
  year={2001}
}

% cmph
@article{junczys2012phrasal,
  title={Phrasal rank-encoding: Exploiting phrase redundancy and translational relations for phrase table compression},
  author={Junczys-Dowmunt, Marcin},
  journal={The Prague Bulletin of Mathematical Linguistics},
  volume={98},
  pages={63--74},
  year={2012}
}

% mgiza
@inproceedings{gao2008parallel,
  title={Parallel implementations of word alignment tool},
  author={Gao, Qin and Vogel, Stephan},
  booktitle={Software Engineering, Testing, and Quality Assurance for Natural Language Processing},
  pages={49--57},
  year={2008}
}

% mert
@inproceedings{och2003minimum,
  title={Minimum error rate training in statistical machine translation},
  author={Och, Franz Josef},
  booktitle={Proceedings of the 41st Annual Meeting on Association for Computational Linguistics-Volume 1},
  pages={160--167},
  year={2003},
}

@techreport{chen-goodman1998,
 author      = {Stanley Chen  and  Joshua T. Goodman},
 year        = {1998},
 title       = {An Empirical Study of Smoothing Techniques for Language Modeling},
 institution = {Harvard University},
 number      = {10-98},
 url         = {http://citeseerx.ist.psu.edu/viewdoc/summary?doi=10.1.1.41.4604},
}


@InProceedings{awkward2016,
  author    = {Tan, Liling},
  title     = {Faster and Lighter Phrase-based Machine Translation Baseline},
  booktitle = {Proceedings of the 3rd Workshop on Asian Translation (WAT2016)},
  month     = {December},
  year      = {2016},
  address   = {Osaka, Japan},
  pages     = {184--193},
}

