@InProceedings{tan:2016:WAT2016,
  author    = {Tan, Liling},
  title     = {Faster and Lighter Phrase-based Machine Translation Baseline},
  booktitle = {Proceedings of the 3rd Workshop on Asian Translation (WAT2016)},
  month     = {December},
  year      = {2016},
  address   = {Osaka, Japan},
  publisher = {The COLING 2016 Organizing Committee},
  pages     = {184--193},
  url       = {http://aclweb.org/anthology/W16-4618}
}


article{brown-etal1992a,
 title     = {Class-Based $n$-gram Models of Natural Language},
 author    = {Peter F. Brown and Peter V. deSouza and Robert L. Mercer and Vincent J. Della Pietra and Jenifer C. Lai},
 year      = {1992},
 journal   = {Computational Linguistics},
 volume    = {18},
 number    = {4},
 pages     = {467--479},
 publisher = {The MIT Press},
 address   = {Cambridge, MA, USA},
 url       = {http://aclweb.org/anthology/J/J92/J92-4003.pdf},
}

@article{brown-etal1993,
 title     = {The Mathematics of Statistical Machine Translation: Parameter Estimation},
 author    = {Peter E. Brown and Stephen A. Della Pietra and Vincent J. Della Pietra and Robert L. Mercer},
 year      = {1993},
 journal   = {Computational Linguistics},
 volume    = {19},
 number    = {2},
 pages     = {263--311},
 publisher = {The MIT Press},
 address   = {Cambridge, MA, USA},
 url       = {http://aclweb.org/anthology/J/J93/J93-2003.pdf}
}

@inproceedings{candito-seddah2010,
 author    = {Candito, Marie  and  Seddah, Djam\'{e}},
 title     = {Parsing Word Clusters},
 booktitle = {Proceedings of the NAACL HLT 2010 First Workshop on Statistical Parsing of Morphologically-Rich Languages},
 //month     = {June},
 year      = {2010},
 address   = {Los Angeles, CA, USA},
 //publisher = {Association for Computational Linguistics},
 pages     = {76--84},
 url       = {http://www.aclweb.org/anthology/W10-1409},
}

@inproceedings{chahuneau-etal2013,
 author    = {Chahuneau, Victor  and  Schlinger, Eva  and  Smith, Noah A.  and  Dyer, Chris},
 title     = {Translating into Morphologically Rich Languages with Synthetic Phrases},
 booktitle = {Proceedings of the 2013 Conference on Empirical Methods in Natural Language Processing (EMNLP)},
 //month     = {October},
 year      = {2013},
 address   = {Seattle, WA, USA},
 //publisher = {Association for Computational Linguistics},
 pages     = {1677--1687},
 url       = {http://www.aclweb.org/anthology/D13-1174},
}

@inproceedings{cherry2013,
 author    = {Cherry, Colin},
 title     = {Improved Reordering for Phrase-Based Translation using Sparse Features},
 booktitle = {Proceedings of the 2013 Conference of the North American Chapter of the Association for Computational Linguistics: Human Language Technologies (NAACL-HLT)},
 //month     = {June},
 year      = {2013},
 address   = {Atlanta, GA, USA},
 //publisher = {Association for Computational Linguistics},
 pages     = {22--31},
 url       = {http://www.aclweb.org/anthology/N13-1003.pdf},
}

@inproceedings{christodoulopoulos-etal2010,
 author    = {Christodoulopoulos, Christos  and  Goldwater, Sharon  and  Steedman, Mark},
 title     = {Two Decades of Unsupervised {POS} Induction: How Far Have We Come?},
 booktitle = {Proceedings of the 2010 Conference on Empirical Methods in Natural Language Processing},
 //month     = {October},
 year      = {2010},
 address   = {Cambridge, MA, USA},
 //publisher = {Association for Computational Linguistics},
 pages     = {575--584},
 url       = {http://www.aclweb.org/anthology/D10-1056.pdf},
}

@inproceedings{clark2003,
 author    = {Alexander Clark},
 title     = {Combining Distributional and Morphological Information for Part of Speech Induction},
 booktitle = {Proceedings of the 10th Conference of the European Chapter of the Association for Computational Linguistics (EACL-2003)},
 year      = {2003},
 //publisher = {Association for Computational Linguistics},
 pages     = {59--66},
 url       = {http://aclweb.org/anthology/E/E03/E03-1009.pdf},
}

@inproceedings{durrani-etal2014,
 author    = {Durrani, Nadir  and  Koehn, Philipp  and  Schmid, Helmut  and  Fraser, Alexander},
 title     = {Investigating the Usefulness of Generalized Word Representations in {SMT}},
 booktitle = {Proceedings of COLING 2014, the 25th International Conference on Computational Linguistics: Technical Papers},
 //month     = {August},
 year      = {2014},
 address   = {Dublin, Ireland},
 //publisher = {Association for Computational Linguistics},
 pages     = {421--432},
 url       = {http://www.aclweb.org/anthology/C14-1041},
}

@inproceedings{emami-jelinek2005,
 author    = {Emami, Ahmad and Jelinek, Frederick},
 title     = {Random Clusterings for Language Modeling},
 booktitle = {Proceedings of the International Conference on Acoustics, Speech, and Signal Processing (ICASSP)},
 year      = {2005},
 //month     = {March},
 volume    = {1},
 pages     = {581--584},
 address   = {Philadelphia, PA, USA},
 publisher = {IEEE},
 doi       = {10.1109/ICASSP.2005.1415180},
 issn      = {1520-6149},
 isbn      = {0-7803-8874-7},
 url       = {http://www.clsp.jhu.edu/~ahmad/pubs/icassp05.pdf},
}

@inproceedings{goodman2001a,
 title     = {Classes for Fast Maximum Entropy Training},
 author    = {Goodman, Joshua},
 booktitle = {Proceedings of the IEEE International Conference on Acoustics, Speech, and Signal Processing (ICASSP '01)},
 volume    = {1},
 pages     = {561--564},
 year      = {2001},
 issn      = {1520-6149},
 doi       = {10.1109/ICASSP.2001.940893},
 url       = {http://arxiv.org/pdf/cs/0108006},
}

@inproceedings{green-denero2012,
 author    = {Green, Spence  and  DeNero, John},
 title     = {A Class-Based Agreement Model for Generating Accurately Inflected Translations},
 booktitle = {Proceedings of the 50th Annual Meeting of the Association for Computational Linguistics (Volume 1: Long Papers)},
 //month     = {July},
 year      = {2012},
 address   = {Jeju Island, Korea},
 //publisher = {Association for Computational Linguistics},
 pages     = {146--155},
 url       = {http://www.aclweb.org/anthology/P12-1016.pdf},
}

@inproceedings{green-etal2014,
 author    = {Green, Spence  and  Cer, Daniel  and  Manning, Christopher},
 title     = {An Empirical Comparison of Features and Tuning for Phrase-based Machine Translation},
 booktitle = {Proceedings of the Ninth Workshop on Statistical Machine Translation (WMT)},
 //month     = {June},
 year      = {2014},
 address   = {Baltimore, MD, USA},
 //publisher = {Association for Computational Linguistics},
 pages     = {466--476},
 url       = {http://www.aclweb.org/anthology/W14-3360.pdf}
}

@inproceedings{koo-etal2008,
 author    = {Koo, Terry  and  Carreras, Xavier  and  Collins, Michael},
 title     = {Simple Semi-supervised Dependency Parsing},
 booktitle = {Proceedings of ACL-08: HLT},
 //month     = {June},
 year      = {2008},
 address   = {Columbus, OH, USA},
 //publisher = {Association for Computational Linguistics},
 pages     = {595--603},
 url       = {http://www.aclweb.org/anthology/P/P08/P08-1068},
}

@inproceedings{kneser-ney1993,
 title     = {Improved Clustering Techniques for Class-based Statistical Language Modelling},
 author    = {Reinhard Kneser  and Hermann Ney},
 booktitle = {Third European Conference on Speech Communication and Technology (EUROSPEECH'93)},
 year      = {1993},
 pages     = {973--976},
 address   = {Berlin, Germany},
}

@inproceedings{koehn-hoang2007,
 author    = {Koehn, Philipp  and  Hoang, Hieu},
 title     = {Factored Translation Models},
 booktitle = {Proceedings of the 2007 Joint Conference on Empirical Methods in Natural Language Processing and Computational Natural Language Learning (EMNLP-CoNLL)},
 //month     = {June},
 year      = {2007},
 address   = {Prague, Czech Republic},
 //publisher = {Association for Computational Linguistics},
 pages     = {868--876},
 url       = {http://www.aclweb.org/anthology/D/D07/D07-1091.pdf},
}

@inproceedings{kong-etal2014,
 author    = {Kong, Lingpeng  and  Schneider, Nathan  and  Swayamdipta, Swabha  and  Bhatia, Archna  and  Dyer, Chris  and  Smith, Noah A.},
 title     = {A Dependency Parser for Tweets},
 booktitle = {Proceedings of the 2014 Conference on Empirical Methods in Natural Language Processing (EMNLP)},
 //month     = {October},
 year      = {2014},
 address   = {Doha, Qatar},
 //publisher = {Association for Computational Linguistics},
 pages     = {1001--1012},
 url       = {http://www.aclweb.org/anthology/D14-1108},
}

@mastersthesis{liang2005,
 author = {Percy Liang},
 school = {The Massachusetts Institute of Technology},
 title  = {Semi-Supervised Learning for Natural Language},
 year   = {2005},
 url    = {https://cs.stanford.edu/~pliang/papers/meng-thesis.pdf}
}

@article{martin-etal1998,
 title     = {Algorithms for Bigram and Trigram Word Clustering},
 author    = {Sven Martin and J{\"o}rg Liermann and Hermann Ney},
 journal   = {Speech Communication},
 volume    = {24},
 number    = {1},
 pages     = {19--37},
 year      = {1998},
 publisher = {Elsevier},
 doi       = {10.1016/S0167-6393(97)00062-9},
 url       = {http://citeseerx.ist.psu.edu/viewdoc/summary?doi=10.1.1.53.2354},
}

@inproceedings{mediani-etal2012,
 author    = {Mohammed Mediani and Yuqi Zhang and Thanh-Le Ha and Jan Niehues and Eunah Cho and Teresa Herrmann and Rainer K\"{a}rgel and Alexander Waibel},
 title     = {The {KIT} Translation Systems for {IWSLT} 2012},
 booktitle = {Proceedings of the 9th International Workshop on Spoken Language Translation (IWSLT)},
 year      = {2012},
 address   = {Hong Kong},
 pages     = {38--45},
 url       = {http://www.mt-archive.info/IWSLT-2012-Mediani.pdf},
}

@inproceedings{mikolov-etal2013,
 author    = {Tom\'{a}\v{s} Mikolov and Kai Chen and Greg Corrado and Jeffrey Dean},
 title     = {Efficient Estimation of Word Representations in Vector Space},
 booktitle = {Workshop Proceedings of the International Conference on Learning Representations (ICLR)},
 year      = {2013},
 address   = {Scottsdale, AZ, USA},
 url       = {http://arxiv.org/pdf/1301.3781.pdf}
}

@inproceedings{miller-etal2004,
 author    = {Miller, Scott  and  Guinness, Jethran  and  Zamanian, Alex},
 title     = {Name Tagging with Word Clusters and Discriminative Training},
 booktitle = {HLT-NAACL 2004: Main Proceedings},
 editor    = {Susan Dumais and Daniel Marcu and Salim Roukos},
 year      = {2004},
 //month     = {May},
 address   = {Boston, MA, USA},
 //publisher = {Association for Computational Linguistics},
 pages     = {337--342},
 url       = {https://www.aclweb.org/anthology/N/N04/N04-1043.pdf},
}

@inproceedings{morin-bengio2005,
 title     = {Hierarchical Probabilistic Neural Network Language Model},
 author    = {Morin, Frederic and Bengio, Yoshua},
 booktitle = {Proceedings of the 10th International Workshop on Artificial Intelligence and Statistics (AISTATS 2005)},
 volume    = {5},
 pages     = {246--252},
 year      = {2005},
 publisher = {Society for Artificial Intelligence and Statistics},
 url       = {http://zot2wpv.googlecode.com/svn/trunk/zot2wpv/papers/Hierarchical%20Probabilistic%20Neural%20Network%20Language%20Model.pdf},
}

@inproceedings{mnih-hinton2009,
 title     = {A Scalable Hierarchical Distributed Language Model},
 author    = {Mnih, Andriy and Hinton, Geoffrey},
 booktitle = {Advances in Neural Information Processing Systems 21 (NIPS)},
 editor    = {D. Koller and D. Schuurmans and Y. Bengio and L. Bottou},
 pages     = {1081--1088},
 volume    = {21},
 year      = {2009},
 url       = {http://papers.nips.cc/paper/3583-a-scalable-hierarchical-distributed-language-model.pdf},
}

@inproceedings{nooralahzadeh-etal2014,
 author    = {Nooralahzadeh, Farhad  and  Brun, Caroline  and  Roux, Claude},
 title     = {Part of Speech Tagging for {F}rench Social Media Data},
 booktitle = {Proceedings of COLING 2014, the 25th International Conference on Computational Linguistics: Technical Papers},
 //month     = {August},
 year      = {2014},
 address   = {Dublin, Ireland},
 publisher = {Dublin City University and Association for Computational Linguistics},
 pages     = {1764--1772},
 url       = {http://www.aclweb.org/anthology/C14-1166},
}

@mastersthesis{och1995,
 author  = {Franz-Josef Och},
 title   = {{M}aximum-{L}ikelihood-{S}ch\"{a}tzung von {W}ortkategorien mit {V}erfahren der kombinatorischen {O}ptimierung},
 school  = {Friedrich-Alexander-Universit\"{a}t Erlangen-N\"{u}rnburg},
 type    = {Bachelor's Thesis ({S}tudienarbeit)},
 address = {Germany},
 year    = {1995},
}

@inproceedings{och-ney2000,
 author    = {Franz Josef Och and Hermann Ney},
 title     = {A Comparison of Alignment Models for Statistical Machine Translation},
 booktitle = {Proceedings of the 18th International Conference on Computational Linguistics (Coling)},
 year      = {2000},
 address   = {Saarbr\"{u}cken, Germany},
 pages     = {1086--1090},
 url       = {https://www.aclweb.org/anthology/C/C00/C00-2163.pdf},
}

@article{och-ney2003,
 author    = {Franz Josef Och and Hermann Ney},
 title     = {A Systematic Comparison of Various Statistical Alignment Models},
 year      = {2003},
 //month     = {March},
 journal   = {Computational Linguistics},
 issn      = {0891-2017},
 volume    = {29},
 number    = {1},
 pages     = {19--51},
 publisher = {The MIT Press},
 address   = {Cambridge, MA, USA},
 url       = {https://www.aclweb.org/anthology/J/J03/J03-1002.pdf},
}

@inproceedings{owoputi-etal2013,
 author    = {Owoputi, Olutobi  and  O'Connor, Brendan  and  Dyer, Chris  and  Gimpel, Kevin  and  Schneider, Nathan  and  Smith, Noah A.},
 title     = {Improved Part-of-Speech Tagging for Online Conversational Text with Word Clusters},
 booktitle = {Proceedings of the 2013 Conference of the North American Chapter of the Association for Computational Linguistics: Human Language Technologies},
 //month     = {June},
 year      = {2013},
 address   = {Atlanta, GA, USA},
 //publisher = {Association for Computational Linguistics},
 pages     = {380--390},
 url       = {http://www.aclweb.org/anthology/N13-1039},
}

@inproceedings{ratinov-roth2009,
 author    = {Ratinov, Lev  and  Roth, Dan},
 title     = {Design Challenges and Misconceptions in Named Entity Recognition},
 booktitle = {Proceedings of the Thirteenth Conference on Computational Natural Language Learning (CoNLL-2009)},
 //month     = {June},
 year      = {2009},
 address   = {Boulder, CO, USA},
 //publisher = {Association for Computational Linguistics},
 pages     = {147--155},
 url       = {http://www.aclweb.org/anthology/W09-1119},
}

@inproceedings{ritter-etal2011,
 author    = {Ritter, Alan  and  Clark, Sam  and  Mausam  and  Etzioni, Oren},
 title     = {Named Entity Recognition in Tweets: An Experimental Study},
 booktitle = {Proceedings of the 2011 Conference on Empirical Methods in Natural Language Processing},
 //month     = {July},
 year      = {2011},
 address   = {Edinburgh, Scotland},
 //publisher = {Association for Computational Linguistics},
 pages     = {1524--1534},
 url       = {http://www.aclweb.org/anthology/D11-1141.pdf},
}

@inproceedings{rutherford-xue2014,
 author    = {Rutherford, Attapol  and  Xue, Nianwen},
 title     = {Discovering Implicit Discourse Relations Through {B}rown Cluster Pair Representation and Coreference Patterns},
 booktitle = {Proceedings of the 14th Conference of the European Chapter of the Association for Computational Linguistics (EACL)},
 //month     = {April},
 year      = {2014},
 address   = {Gothenburg, Sweden},
 //publisher = {Association for Computational Linguistics},
 pages     = {645--654},
 url       = {http://www.aclweb.org/anthology/E14-1068},
}

@inproceedings{stymne2012,
 author    = {Stymne, Sara},
 title     = {Clustered Word Classes for Preordering in Statistical Machine Translation},
 booktitle = {Proceedings of the Joint Workshop on Unsupervised and Semi-Supervised Learning in {NLP}},
 //month     = {April},
 year      = {2012},
 address   = {Avignon, France},
 //publisher = {Association for Computational Linguistics},
 pages     = {28--34},
 url       = {http://www.aclweb.org/anthology/W12-0704.pdf},
}

@inproceedings{tackstrom-etal2012,
 author    = {T\"{a}ckstr\"{o}m, Oscar  and  McDonald, Ryan  and  Uszkoreit, Jakob},
 title     = {Cross-lingual Word Clusters for Direct Transfer of Linguistic Structure},
 booktitle = {Proceedings of the 2012 Conference of the North American Chapter of the Association for Computational Linguistics: Human Language Technologies},
 //month     = {June},
 year      = {2012},
 address   = {Montr\'{e}al, Canada},
 //publisher = {Association for Computational Linguistics},
 pages     = {477--487},
 url       = {http://www.aclweb.org/anthology/N12-1052},
}

@inproceedings{turian-etal2010,
 author    = {Turian, Joseph  and  Ratinov, Lev-Arie  and  Bengio, Yoshua},
 title     = {Word Representations: A Simple and General Method for Semi-Supervised Learning},
 booktitle = {Proceedings of the 48th Annual Meeting of the Association for Computational Linguistics},
 //month     = {July},
 year      = {2010},
 address   = {Uppsala, Sweden},
 //publisher = {Association for Computational Linguistics},
 pages     = {384--394},
 url       = {http://www.aclweb.org/anthology/P10-1040},
}

@inproceedings{uszkoreit-brants2008,
 author    = {Uszkoreit, Jakob  and  Brants, Thorsten},
 title     = {Distributed Word Clustering for Large Scale Class-Based Language Modeling in Machine Translation},
 booktitle = {Proceedings of ACL-08: HLT},
 //month     = {June},
 year      = {2008},
 address   = {Columbus, OH, USA},
 //publisher = {Association for Computational Linguistics},
 pages     = {755--762},
 url       = {http://www.aclweb.org/anthology/P/P08/P08-1086.pdf},
}

@inproceedings{vogel-etal1996,
 author    = {Stephan Vogel and Hermann Ney and Christoph Tillmann},
 title     = {{HMM}-Based Word Alignment in Statistical Translation},
 booktitle = {Proceedings of the 16th International Conference on Computational Linguistics (Coling)},
 year      = {1996},
 //month     = {August},
 address   = {Copenhagen, Denmark},
 pages     = {836--841},
 url       = {http://www.aclweb.org/anthology/C/C96/C96-2141.pdf},
}

@article{ward1963,
 author  = {Ward, Jr., Joe H.},
 title   = {Hierarchical Grouping to Optimize an Objective Function},
 journal = {Journal of the American Statistical Association},
 volume  = {58},
 number  = {301},
 pages   = {236--244},
 year    = {1963},
 doi     = {10.1080/01621459.1963.10500845},
 url     = {http://iv.slis.indiana.edu/sw/data/ward.pdf},
}

@inproceedings{whittaker-woodland2001,
 author    = {Whittaker, Edward W. D. and Woodland, Philip C.},
 title     = {Efficient Class-based Language Modelling for Very Large Vocabularies},
 booktitle = {Proceedings of the International Conference on Acoustics, Speech, and Signal Processing (ICASSP)},
 year      = {2001},
 volume    = {1},
 pages     = {545--548},
 address   = {Salt Lake City, UT, USA},
 publisher = {IEEE},
 doi       = {10.1109/ICASSP.2001.940889},
 issn      = {1520-6149},
 isbn      = {0-7803-7041-4},
 url       = {http://citeseerx.ist.psu.edu/viewdoc/summary?doi=10.1.1.408.6877},
}

@inproceedings{wuebker-etal2013,
 author    = {Wuebker, Joern  and  Peitz, Stephan  and  Rietig, Felix  and  Ney, Hermann},
 title     = {Improving Statistical Machine Translation with Word Class Models},
 booktitle = {Proceedings of the 2013 Conference on Empirical Methods in Natural Language Processing (EMNLP)},
 //month     = {October},
 year      = {2013},
 address   = {Seattle, WA, USA},
 //publisher = {Association for Computational Linguistics},
 pages     = {1377--1381},
 url       = {http://www.aclweb.org/anthology/D13-1138.pdf},
}

@inproceedings{zhao-etal2009,
 author    = {Zhao, Hai  and  Chen, Wenliang  and  Kity, Chunyu  and  Zhou, Guodong},
 title     = {Multilingual Dependency Learning: A Huge Feature Engineering Method to Semantic Dependency Parsing},
 booktitle = {Proceedings of the Thirteenth Conference on Computational Natural Language Learning (CoNLL 2009): Shared Task},
 //month     = {June},
 year      = {2009},
 address   = {Boulder, CO, USA},
 //publisher = {Association for Computational Linguistics},
 pages     = {55--60},
 url       = {http://www.aclweb.org/anthology/W09-1208},
}

@inproceedings{zollmann-vogel2011,
 author    = {Zollmann, Andreas  and  Vogel, Stephan},
 title     = {A Word-Class Approach to Labeling {PSCFG} Rules for Machine Translation},
 booktitle = {Proceedings of the 49th Annual Meeting of the Association for Computational Linguistics: Human Language Technologies (ACL-HLT)},
 //month     = {June},
 year      = {2011},
 address   = {Portland, OR, USA},
 //publisher = {Association for Computational Linguistics},
 pages     = {1--11},
 url       = {http://www.aclweb.org/anthology/P11-1001.pdf},
}

% wat
@inproceedings{nakazawa2014overview,
  title={Overview of the First Workshop on {A}sian Translation},
  author={Nakazawa, Toshiaki and Mino, Hideya and Goto, Isao and Kurohashi, Sadao and Sumita, Eiichiro},
  booktitle={Proceedings of the First Workshop on Asian Translation (WAT2014)},
  year={2014}
}


% mecab
@inproceedings{kudo2004applying,
  title={Applying Conditional Random Fields to {J}apanese Morphological Analysis},
  author={Kudo, Taku and Yamamoto, Kaoru and Matsumoto, Yuji},
  booktitle={Proceedings of the Conference on Empirical Methods in Natural Language Processing},
  year={2004},
  pages={230--237}
}

% phrase-based
@inproceedings{koehn2003statistical,
  title={Statistical Phrase-based Translation},
  author={Koehn, Philipp and Och, Franz Josef and Marcu, Daniel},
  booktitle={Proceedings of the 2003 Conference of the North American Chapter of the Association for Computational Linguistics on Human Language Technology-Volume 1},
  pages={48--54},
  year={2003}
}

% Moses
@inproceedings{koehn2007moses,
  title={{M}oses: Open Source Toolkit for Statistical Machine Translation},
  author = {Koehn, Philipp  and  Hoang, Hieu  and  Birch, Alexandra  and  Callison-Burch, Chris  and  Federico, Marcello  and  Bertoldi, Nicola  and  Cowan, Brooke  and  Shen, Wade  and  Moran, Christine  and  Zens, Richard  and  Dyer, Chris  and  Bojar, Ond\v{r}ej  and  Constantin, Alexandra  and  Herbst, Evan},
  booktitle={Proceedings of the 45th Annual Meeting of the ACL on Interactive Poster and Demonstration Sessions},
  pages={177--180},
  year={2007},
  url = {http://www.aclweb.org/anthology/P07-2045.pdf},

}

% giza++
@article{och2003systematic,
  title={A Systematic Comparison of Various Statistical Alignment Models},
  author={Och, Franz Josef and Ney, Hermann},
  journal={Computational linguistics},
  volume={29},
  number={1},
  pages={19--51},
  year={2003},
  publisher={MIT Press},
  url = {https://www.aclweb.org/anthology/J/J03/J03-1002.pdf},
}

% mgiza
@inproceedings{gao2008parallel,
  title={Parallel Implementations of Word Alignment Tool},
  author={Gao, Qin and Vogel, Stephan},
  booktitle={Software Engineering, Testing, and Quality Assurance for Natural Language Processing},
  pages={49--57},
  year={2008}
}  

% lexicaled reordering
@inproceedings{galley2008simple,
  title={A Simple and Effective Hierarchical Phrase Reordering Model},
  author={Galley, Michel and Manning, Christopher D},
  booktitle={Proceedings of the Conference on Empirical Methods in Natural Language Processing},
  pages={848--856},
  year={2008}
}

@inproceedings{koehn2005europarl,
  title={{E}uroparl: A parallel corpus for statistical machine translation},
  author={Koehn, Philipp},
  booktitle={Proceedings of MT Summit},
  volume={5},
  pages={79--86},
  year={2005},
  url={http://mt-archive.info/MTS-2005-Koehn.pdf},
}  

% kenlm
@inproceedings{kenlm,
  author = {Kenneth Heafield},
  title = {{KenLM}: Faster and Smaller Language Model Queries},
  year = {2011},
  //month = {July},
  booktitle = {Proceedings of the {EMNLP} 2011 Sixth Workshop on Statistical Machine Translation},
  address = {Edinburgh, Scotland},
  pages = {187--197},
  url = {http://aclweb.org/anthology/W/W11/W11-2123.pdf},
}

% kneser and ney
@inproceedings{kneser1995improved,
  title={Improved Backing-off for {m}-gram Language Modeling},
  author={Kneser, Reinhard and Ney, Hermann},
  booktitle={Acoustics, Speech, and Signal Processing, 1995. ICASSP-95., 1995 International Conference on},
  volume={1},
  pages={181--184},
  year={1995},
  organization={IEEE}
}

% Chen and Goodman
@article{chen1999empirical,
  title={An Empirical Study of Smoothing Techniques for Language Modeling},
  author={Chen, Stanley F and Goodman, Joshua},
  journal={Computer Speech \& Language},
  volume={13},
  number={4},
  pages={359--393},
  year={1999},
  publisher={Elsevier},
  url = {http://citeseerx.ist.psu.edu/viewdoc/summary?doi=10.1.1.41.4604},
}


% MERT
@inproceedings{mert,
  title={Minimum Error Rate Training in Statistical Machine Translation},
  author={Och, Franz Josef},
  booktitle={Proceedings of the 41st Annual Meeting on Association for Computational Linguistics-Volume 1},
  pages={160--167},
  year={2003},
  url = {http://www.aclweb.org/anthology/P03-1021.pdf},

}

% Truecasing
@InProceedings{wangknightmarcu2006,
author = {Wang, Wei and Knight, Kevin and Marcu, Daniel},
title = {Capitalizing Machine Translation},
booktitle = {Proceedings of the Human Language Technology Conference of the NAACL, Main Conference},
//month = {June},
address = {New York City, USA},
//publisher = {Association for Computational Linguistics},
pages = {1--8},
url = {http://www.aclweb.org/anthology/N/N06/N06-1001},
year = {2006}
}

% Truecasing
@inproceedings{lita2003,
author = {Lita, Lucian Vlad and Ittycheriah, Abraham and Roukos, Salim and Kambhatla, Nanda},
title = {{tRuEcasIng}},
booktitle = {Proceedings of the 41st Annual Meeting of the Association for Computational Linguistics},
editor = {Erhard Hinrichs and Dan Roth},
url = {http://www.aclweb.org/anthology/P03-1020.pdf},
pages = {152--159},
year = {2003}
}

% kenlm + quantized + trie
@InProceedings{kenlmTrieQuantized,
  author    = {Heafield, Kenneth  and  Pouzyrevsky, Ivan  and  Clark, Jonathan H.  and  Koehn, Philipp},
  title     = {Scalable Modified {K}neser-{N}ey Language Model Estimation},
  booktitle = {Proceedings of the 51st Annual Meeting of the Association for Computational Linguistics (Volume 2: Short Papers)},
  //month     = {August},
  year      = {2013},
  address   = {Sofia, Bulgaria},
  pages     = {690--696},
  url       = {http://aclweb.org/anthology/P/P13/P13-2121.pdf},
}

% quantized lm
@inproceedings{whittaker2001quantization,
  title={Quantization-based Language Model Compression},
  author={Whittaker, Edward W. D. and Raj, Bhiksha},
  booktitle={Proceedings of INTERSPEECH},
  pages={33--36},
  year={2001}
}

% cmph
@article{junczys2012phrasal,
  title={Phrasal Rank-encoding: Exploiting Phrase Redundancy and Translational Relations for Phrase Table Compression},
  author={Junczys-Dowmunt, Marcin},
  journal={The Prague Bulletin of Mathematical Linguistics},
  volume={98},
  pages={63--74},
  year={2012}
}

% Bootstrap resampling
@Inbook{koehn2004significance,
author="Koehn, Philipp",
chapter="Statistical Significance Tests for Machine Translation Evaluation",
title="Proceedings of the 2004 Conference on Empirical Methods in Natural Language Processing ",
year="2004"
}


@article{bahl-etal1983,
 title   = {A Maximum Likelihood Approach to Continuous Speech Recognition},
 author  = {Bahl, L. and F. Jelinek and R. Mercer},
 journal = {IEEE Transactions on Pattern Analysis and Machine Intelligence},
 year    = {1983},
 volume  = {5},
 number  = {2},
 pages   = {179--190},
 doi     = {10.1109/TPAMI.1983.4767370},
 ISSN    = {0162-8828},
 url     = {http://citeseerx.ist.psu.edu/viewdoc/summary?doi=10.1.1.474.8196},
}

@inproceedings{botros-etal2015,
 title     = {On Efficient Training of Word Classes and their Application to Recurrent Neural Network Language Models},
 author    = {R. Botros and K. Irie and M. Sundermeyer and H. Ney},
 //booktitle = {Proceedings of the 16th Annual Conference of the International Speech Communication Association (INTERSPEECH 2015)},
 booktitle = {Proc.\ INTERSPEECH},
 //month     = {September},
 year      = {2015},
 //address   = {Dresden, Germany},
 pages     = {1443--1447},
 url       = {https://www-i6.informatik.rwth-aachen.de/publications/download/985/Botros--2015.pdf},
}

@article{brown-etal1992a,
 title     = {Class-Based $n$-gram Models of Natural Language},
 author    = {P. Brown and P. deSouza and R. Mercer and V. Della Pietra and J. Lai},
 year      = {1992},
 journal   = {Comp. Ling.},
 volume    = {18},
 number    = {4},
 pages     = {467--479},
 publisher = {MIT Press},
 //address   = {Cambridge, MA, USA},
 url       = {http://aclweb.org/anthology/J92-4003.pdf},
}

@article{brown-etal1993,
 title     = {The Mathematics of Statistical Machine Translation: Parameter Estimation},
 author    = {P. Brown and S. Della Pietra and V. Della Pietra and R. Mercer},
 year      = {1993},
 journal   = {Comp. Ling.},
 volume    = {19},
 number    = {2},
 pages     = {263--311},
 publisher = {MIT Press},
 //address   = {Cambridge, MA, USA},
 url       = {http://aclweb.org/anthology/J93-2003.pdf}
}

@inproceedings{candito-seddah2010,
 author    = {Candito, M.  and  Seddah, D.},
 title     = {Parsing Word Clusters},
 booktitle = {Proc.\ of the Workshop on SPMRL},
 //month     = {June},
 year      = {2010},
 //address   = {LA, CA, USA},
 //publisher = {Association for Computational Linguistics},
 pages     = {76--84},
 url       = {http://www.aclweb.org/anthology/W10-1409},
}

@inproceedings{chahuneau-etal2013,
 author    = {Chahuneau, V.  and  Schlinger, E.  and  Smith, N.  and  Dyer, C.},
 title     = {Translating into Morphologically Rich Languages with Synthetic Phrases},
 booktitle = {Proceedings of EMNLP 2013},
 //month     = {October},
 year      = {2013},
 //address   = {Seattle, WA, USA},
 //publisher = {Association for Computational Linguistics},
 pages     = {1677--1687},
 url       = {http://www.aclweb.org/anthology/D13-1174},
}

@inproceedings{cherry2013,
 author    = {Cherry, C.},
 title     = {Improved Reordering for Phrase-Based Translation using Sparse Features},
 booktitle = {Proc.\ NAACL-HLT 2013},
 //month     = {June},
 year      = {2013},
 //address   = {Atlanta, GA, USA},
 //publisher = {Association for Computational Linguistics},
 pages     = {22--31},
 url       = {http://www.aclweb.org/anthology/N13-1003.pdf},
}

@inproceedings{christodoulopoulos-etal2010,
 author    = {Christodoulopoulos, C.  and  Goldwater, S.  and  Steedman, M.},
 title     = {Two Decades of Unsupervised {POS} Induction: How Far Have We Come?},
 booktitle = {Proceedings of EMNLP 2010},
 //month     = {October},
 year      = {2010},
 //address   = {Cambridge, MA, USA},
 //publisher = {Association for Computational Linguistics},
 pages     = {575--584},
 url       = {http://www.aclweb.org/anthology/D10-1056.pdf},
}

@inproceedings{clark2003,
 author    = {A. Clark},
 title     = {Combining Distributional and Morphological Information for Part of Speech Induction},
 booktitle = {Proceedings of EACL 2003},
 year      = {2003},
 //publisher = {Association for Computational Linguistics},
 pages     = {59--66},
 url       = {http://aclweb.org/anthology/E03-1009.pdf},
}

@inproceedings{dehdari-etal2016,
 author    = {Dehdari, J.  and  Tan, L.  and  van Genabith, J.},
 title     = {{BIRA}: Improved Predictive Exchange Word Clustering},
 //booktitle = {Proceedings of the 2016 Conference of the North American Chapter of the Association for Computational Linguistics: Human Language Technologies (NAACL)},
 booktitle = {Proc.\ NAACL},
 //month     = {June},
 year      = {2016},
 address   = {San Diego, CA, USA},
 //publisher = {Association for Computational Linguistics},
 //pages     = {--},
 url       = {http://www.aclweb.org/anthology/N/N16}
}

@inproceedings{durrani-etal2014,
 author    = {Durrani, N.  and  Koehn, P.  and  Schmid, H.  and  Fraser, A.},
 title     = {Investigating the Usefulness of Generalized Word Representations in {SMT}},
 booktitle = {Proc.\ of Coling 2014},
 //month     = {August},
 year      = {2014},
 //address   = {Dublin, Ireland},
 //publisher = {Association for Computational Linguistics},
 pages     = {421--432},
 url       = {http://www.aclweb.org/anthology/C14-1041},
}

@inproceedings{emami-jelinek2005,
 author    = {Emami, A. and Jelinek, F.},
 title     = {Random Clusterings for Language Modeling},
 //booktitle = {Proceedings of the International Conference on Acoustics, Speech, and Signal Processing (ICASSP)},
 booktitle = {Proc.\ ICASSP},
 year      = {2005},
 //month     = {March},
 volume    = {1},
 pages     = {581--584},
 //address   = {Philadelphia, PA, USA},
 publisher = {IEEE},
 doi       = {10.1109/ICASSP.2005.1415180},
 issn      = {1520-6149},
 isbn      = {0-7803-8874-7},
 url       = {http://www.clsp.jhu.edu/~ahmad/pubs/icassp05.pdf},
}

@techreport{goodman2001,
 author      = {J. Goodman},
 title       = {A Bit of Progress in Language Modeling, Extended Version},
 year        = {2001},
 institution = {Microsoft Research},
 number      = {MSR-TR-2001-72},
 url         = {http://citeseerx.ist.psu.edu/viewdoc/summary?doi=10.1.1.59.8929},
}

@inproceedings{goodman2001a,
 title     = {Classes for Fast Maximum Entropy Training},
 author    = {Goodman, J.},
 //booktitle = {Proceedings of the IEEE International Conference on Acoustics, Speech, and Signal Processing (ICASSP '01)},
 booktitle = {Proc.\ of ICASSP},
 //volume    = {1},
 pages     = {561--564},
 year      = {2001},
 issn      = {1520-6149},
 doi       = {10.1109/ICASSP.2001.940893},
 url       = {http://arxiv.org/pdf/cs/0108006},
}

@inproceedings{green-denero2012,
 author    = {Green, S.  and  DeNero, J.},
 title     = {A Class-Based Agreement Model for Generating Accurately Inflected Translations},
 booktitle = {Proc.\ ACL},
 //month     = {July},
 year      = {2012},
 //address   = {Jeju Island, Korea},
 //publisher = {Association for Computational Linguistics},
 pages     = {146--155},
 url       = {http://www.aclweb.org/anthology/P12-1016.pdf},
}

@inproceedings{green-etal2014,
 author    = {Green, S.  and  Cer, D.  and  Manning, C.},
 title     = {An Empirical Comparison of Features and Tuning for Phrase-based Machine Translation},
 booktitle = {Proc.\ WMT},
 //month     = {June},
 year      = {2014},
 //address   = {Baltimore, MD, USA},
 //publisher = {Association for Computational Linguistics},
 pages     = {466--476},
 url       = {http://www.aclweb.org/anthology/W14-3360.pdf}
}

@inproceedings{haddow-etal2015,
 author    = {Haddow, B.  and  Huck, M.  and  Birch, A.  and  Bogoychev, N.  and  Koehn, P.},
 title     = {The {E}dinburgh/{JHU} Phrase-based Machine Translation Systems for {WMT}~2015},
 booktitle = {Proc.\ WMT},
 //month     = {September},
 year      = {2015},
 //address   = {Lisbon, Portugal},
 //publisher = {Association for Computational Linguistics},
 pages     = {126--133},
 url       = {http://aclweb.org/anthology/W15-3013},
}

@article{hinton-etal2006,
 author  = {G. Hinton and S. Osindero and Teh, Y.-W.},
 title   = {A Fast Learning Algorithm for Deep Belief Nets},
 journal = {Neural Comp.},
 volume  = {18},
 number  = {7},
 pages   = {1527--1554},
 year    = {2006},
 doi     = {10.1162/neco.2006.18.7.1527},
 issn    = {0899-7667},
 url     = {http://www.mitpressjournals.org/doi/pdf/10.1162/neco.2006.18.7.1527},
}

@inproceedings{koo-etal2008,
 author    = {Koo, T.  and  Carreras, X.  and  Collins, M.},
 title     = {Simple Semi-supervised Dependency Parsing},
 booktitle = {Proc.\ ACL: HLT},
 //month     = {June},
 year      = {2008},
 //address   = {Columbus, OH, USA},
 //publisher = {Association for Computational Linguistics},
 pages     = {595--603},
 url       = {http://www.aclweb.org/anthology/P08-1068},
}

@inproceedings{kneser-ney1993,
 title     = {Improved Clustering Techniques for Class-based Statistical Language Modelling},
 author    = {R. Kneser  and H. Ney},
 booktitle = {Proc.\ EUROSPEECH},
 year      = {1993},
 pages     = {973--976},
 //address   = {Berlin, Germany},
}

@inproceedings{koehn-hoang2007,
 author    = {Koehn, P.  and  Hoang, H.},
 title     = {Factored Translation Models},
 booktitle = {Proc.\ EMNLP-CoNLL},
 //month     = {June},
 year      = {2007},
 //address   = {Prague, Czech Republic},
 //publisher = {Association for Computational Linguistics},
 pages     = {868--876},
 url       = {http://www.aclweb.org/anthology/D07-1091.pdf},
}

@inproceedings{kong-etal2014,
 author    = {Kong, L.  and  Schneider, N.  and  Swayamdipta, S.  and  Bhatia, A.  and  Dyer, C.  and  Smith, N.},
 title     = {A Dependency Parser for Tweets},
 booktitle = {Proc.\ EMNLP},
 //month     = {October},
 year      = {2014},
 //address   = {Doha, Qatar},
 //publisher = {Association for Computational Linguistics},
 pages     = {1001--1012},
 url       = {http://www.aclweb.org/anthology/D14-1108},
}

@mastersthesis{liang2005,
 author = {P. Liang},
 //school = {The Massachusetts Institute of Technology},
 school = {MIT},
 title  = {Semi-Supervised Learning for Natural Language},
 year   = {2005},
 url    = {https://cs.stanford.edu/~pliang/papers/meng-thesis.pdf}
}

@inproceedings{lin-wu2009,
 author    = {Lin, D.  and  Wu, X.},
 title     = {Phrase Clustering for Discriminative Learning},
 booktitle = {Proc.\ ACL/IJCNLP},
 //month     = {August},
 year      = {2009},
 //address   = {Suntec, Singapore},
 //publisher = {Association for Computational Linguistics},
 pages     = {1030--1038},
 url       = {http://www.aclweb.org/anthology/P09-1116}
}

@article{martin-etal1998,
 title     = {Algorithms for Bigram and Trigram Word Clustering},
 author    = {S. Martin and J. Liermann and H. Ney},
 journal   = {Speech Comm.},
 volume    = {24},
 number    = {1},
 pages     = {19--37},
 year      = {1998},
 publisher = {Elsevier},
 doi       = {10.1016/S0167-6393(97)00062-9},
 url       = {http://citeseerx.ist.psu.edu/viewdoc/summary?doi=10.1.1.53.2354},
}

@inproceedings{mediani-etal2012,
 author    = {M. Mediani and Y. Zhang and T. Ha and J. Niehues and E. Cho and T. Herrmann and R. K\"{a}rgel and A. Waibel},
 title     = {The {KIT} Translation Systems for {IWSLT} 2012},
 booktitle = {Proc.\ IWSLT},
 year      = {2012},
 //address   = {Hong Kong},
 pages     = {38--45},
 url       = {http://www.mt-archive.info/IWSLT-2012-Mediani.pdf},
}

@inproceedings{mikolov-etal2013,
 author    = {T. Mikolov and K. Chen and G. Corrado and J. Dean},
 title     = {Efficient Estimation of Word Representations in Vector Space},
 booktitle = {Proc.\ ICLR},
 year      = {2013},
 //address   = {Scottsdale, AZ, USA},
 url       = {http://arxiv.org/pdf/1301.3781.pdf}
}

@inproceedings{miller-etal2004,
 author    = {Miller, S.  and  Guinness, J.  and  Zamanian, A.},
 title     = {Name Tagging with Word Clusters and Discriminative Training},
 booktitle = {Proc.\ HLT-NAACL},
 editor    = {Susan Dumais and Daniel Marcu and Salim Roukos},
 year      = {2004},
 //month     = {May},
 //address   = {Boston, MA, USA},
 //publisher = {Association for Computational Linguistics},
 pages     = {337--342},
 url       = {https://www.aclweb.org/anthology/N04-1043.pdf},
}

@inproceedings{morin-bengio2005,
 title     = {Hierarchical Probabilistic Neural Network Language Model},
 author    = {Morin, F. and Bengio, Y.},
 booktitle = {Proc.\ AISTATS},
 volume    = {5},
 pages     = {246--252},
 year      = {2005},
 publisher = {Society for AI \& Statistics},
 url       = {http://zot2wpv.googlecode.com/svn/trunk/zot2wpv/papers/Hierarchical\%20Probabilistic\%20Neural\%20Network\%20Language\%20Model.pdf},
}

@inproceedings{mnih-hinton2009,
 title     = {A Scalable Hierarchical Distributed Language Model},
 author    = {Mnih, A. and Hinton, G.},
 booktitle = {NIPS-21},
 editor    = {D. Koller and D. Schuurmans and Y. Bengio and L. Bottou},
 pages     = {1081--1088},
 volume    = {21},
 year      = {2009},
 url       = {http://papers.nips.cc/paper/3583-a-scalable-hierarchical-distributed-language-model.pdf},
}

@inproceedings{mueller-schuetze2015,
 author    = {M\"{u}ller, T.  and  Sch\"{u}tze, H.},
 title     = {Robust Morphological Tagging with Word Representations},
 //booktitle = {Proceedings of the 2015 Conference of the North American Chapter of the Association for Computational Linguistics: Human Language Technologies (NAACL)},
 booktitle = {Proc.\ NAACL},
 //month     = {May--June},
 year      = {2015},
 //address   = {Denver, CO, USA},
 //publisher = {Association for Computational Linguistics},
 pages     = {526--536},
 url       = {http://www.aclweb.org/anthology/N15-1055},
}

@inproceedings{nooralahzadeh-etal2014,
 author    = {Nooralahzadeh, F.  and  Brun, C.  and  Roux, C.},
 title     = {Part of Speech Tagging for {F}rench Social Media Data},
 booktitle = {Proc.\ Coling},
 //month     = {August},
 year      = {2014},
 //address   = {Dublin, Ireland},
 //publisher = {Dublin City University and Association for Computational Linguistics},
 pages     = {1764--1772},
 url       = {http://www.aclweb.org/anthology/C14-1166},
}

@mastersthesis{och1995,
 author  = {F. Och},
 title   = {{M}aximum-{L}ikelihood-{S}ch\"{a}tzung von {W}ortkategorien mit {V}erfahren der kombinatorischen {O}ptimierung},
 school  = {Universit\"{a}t Erlangen-N\"{u}rnburg},
 type    = {Bachelor's Thesis ({S}tudienarbeit)},
 //address = {Germany},
 year    = {1995},
}

@inproceedings{och-ney2000,
 author    = {F. Och and H. Ney},
 title     = {A Comparison of Alignment Models for Statistical Machine Translation},
 booktitle = {Proc.\ Coling},
 year      = {2000},
 //address   = {Saarbr\"{u}cken, Germany},
 pages     = {1086--1090},
 url       = {https://www.aclweb.org/anthology/C00-2163.pdf},
}

@article{och-ney2003,
 author    = {F. Och and H. Ney},
 title     = {A Systematic Comparison of Various Statistical Alignment Models},
 year      = {2003},
 //month     = {March},
 journal   = {Comp.\ Ling.},
 issn      = {0891-2017},
 volume    = {29},
 number    = {1},
 pages     = {19--51},
 publisher = {MIT Press},
 //address   = {Cambridge, MA, USA},
 url       = {https://www.aclweb.org/anthology/J03-1002.pdf},
}

@inproceedings{owoputi-etal2013,
 author    = {Owoputi, O.  and  O'Connor, B.  and  Dyer, C.  and  Gimpel, K.  and  Schneider, N.  and  Smith, N.},
 title     = {Improved Part-of-Speech Tagging for Online Conversational Text with Word Clusters},
 booktitle = {Proc.\ NAACL:HLT},
 //month     = {June},
 year      = {2013},
 //address   = {Atlanta, GA, USA},
 //publisher = {Association for Computational Linguistics},
 pages     = {380--390},
 url       = {http://www.aclweb.org/anthology/N13-1039},
}

@inproceedings{papineni-etal2002,
 author    = {K. Papineni  and  S. Roukos  and  T. Ward  and  W. Zhu},
 title     = {{\sc Bleu}: a Method for Automatic Evaluation of Machine Translation},
 booktitle = {Proc.\ ACL},
 //month     = {July},
 year      = {2002},
 //address   = {Philadelphia, PA, USA},
 //publisher = {Association for Computational Linguistics},
 pages     = {311--318},
 doi       = {10.3115/1073083.1073135},
 url       = {http://www.aclweb.org/anthology/P02-1040.pdf},
}

@phdthesis{petrov2009,
 author  = {S. Petrov},
 title   = {Coarse-to-Fine Natural Language Processing},
 school  = {UC-Berkeley},
 //address = {Berkeley, CA, USA},
 year    = {2009},
 doi     = {10.1007/978-3-642-22743-1},
 url     = {http://www.petrovi.de/data/dissertation.pdf},
}

@inproceedings{ratinov-roth2009,
 author    = {Ratinov, L.  and  Roth, D.},
 title     = {Design Challenges and Misconceptions in Named Entity Recognition},
 booktitle = {Proc.\ CoNLL},
 //month     = {June},
 year      = {2009},
 //address   = {Boulder, CO, USA},
 //publisher = {Association for Computational Linguistics},
 pages     = {147--155},
 url       = {http://www.aclweb.org/anthology/W09-1119},
}

@inproceedings{ritter-etal2011,
 author    = {Ritter, A.  and  Clark, S.  and  Mausam  and  Etzioni, O.},
 title     = {Named Entity Recognition in Tweets: An Experimental Study},
 booktitle = {Proc.\ EMNLP},
 //month     = {July},
 year      = {2011},
 //address   = {Edinburgh, Scotland},
 //publisher = {Association for Computational Linguistics},
 pages     = {1524--1534},
 url       = {http://www.aclweb.org/anthology/D11-1141.pdf},
}

@inproceedings{rutherford-xue2014,
 author    = {Rutherford, A.  and  Xue, N.},
 title     = {Discovering Implicit Discourse Relations Through {B}rown Cluster Pair Representation and Coreference Patterns},
 booktitle = {Proc.\ EACL},
 //month     = {April},
 year      = {2014},
 //address   = {Gothenburg, Sweden},
 //publisher = {Association for Computational Linguistics},
 pages     = {645--654},
 url       = {http://www.aclweb.org/anthology/E14-1068},
}

@inproceedings{stratos-etal2014,
 author    = {K. Stratos and Kim, D. and M. Collins and D. Hsu},
 title     = {A Spectral Algorithm for Learning Class-Based \textit{n}-gram Models of Natural Language},
 booktitle = {Proc.\ UAI},
 //month     = {July},
 year      = {2014},
 //address   = {Quebec City, QC, Canada},
 publisher = {Assn.\ for Uncertainty in AI},
 url       = {http://auai.org/uai2014/proceedings/individuals/251.pdf},
}

@inproceedings{stymne2012,
 author    = {Stymne, S.},
 title     = {Clustered Word Classes for Preordering in Statistical Machine Translation},
 booktitle = {Proc.\ of the Joint Workshop on Unsupervised and Semi-Supervised Learning in {NLP}},
 //month     = {April},
 year      = {2012},
 //address   = {Avignon, France},
 //publisher = {Association for Computational Linguistics},
 pages     = {28--34},
 url       = {http://www.aclweb.org/anthology/W12-0704.pdf},
}

@inproceedings{tackstrom-etal2012,
 author    = {T\"{a}ckstr\"{o}m, O.  and  McDonald, R.  and  Uszkoreit, J.},
 title     = {Cross-lingual Word Clusters for Direct Transfer of Linguistic Structure},
 booktitle = {Proc.\ NAACL:HLT},
 //month     = {June},
 year      = {2012},
 //address   = {Montr\'{e}al, Canada},
 //publisher = {Association for Computational Linguistics},
 pages     = {477--487},
 url       = {http://www.aclweb.org/anthology/N12-1052},
}

@inproceedings{turian-etal2010,
 author    = {Turian, J.  and  Ratinov, L.  and  Bengio, Y.},
 title     = {Word Representations: A Simple and General Method for Semi-Supervised Learning},
 booktitle = {Proc.\ ACL},
 //month     = {July},
 year      = {2010},
 //address   = {Uppsala, Sweden},
 //publisher = {Association for Computational Linguistics},
 pages     = {384--394},
 url       = {http://www.aclweb.org/anthology/P10-1040},
}

@inproceedings{uszkoreit-brants2008,
 author    = {Uszkoreit, J.  and  Brants, T.},
 title     = {Distributed Word Clustering for Large Scale Class-Based Language Modeling in Machine Translation},
 booktitle = {Proc.\ ACL: HLT},
 //month     = {June},
 year      = {2008},
 //address   = {Columbus, OH, USA},
 //publisher = {Association for Computational Linguistics},
 pages     = {755--762},
 url       = {http://www.aclweb.org/anthology/P08-1086.pdf},
}

@inproceedings{vogel-etal1996,
 author    = {S. Vogel and H. Ney and C. Tillmann},
 title     = {{HMM}-Based Word Alignment in Statistical Translation},
 booktitle = {Proc.\ Coling},
 year      = {1996},
 //month     = {August},
 //address   = {Copenhagen, Denmark},
 pages     = {836--841},
 url       = {http://www.aclweb.org/anthology/C96-2141.pdf},
}

@article{ward1963,
 author  = {Ward, J.},
 title   = {Hierarchical Grouping to Optimize an Objective Function},
 journal = {Journal of the American Statistical Association},
 volume  = {58},
 number  = {301},
 pages   = {236--244},
 year    = {1963},
 doi     = {10.1080/01621459.1963.10500845},
 url     = {http://iv.slis.indiana.edu/sw/data/ward.pdf},
}

@inproceedings{whittaker-woodland2001,
 author    = {Whittaker, E. and Woodland, P.},
 title     = {Efficient Class-based Language Modelling for Very Large Vocabularies},
 booktitle = {Proc.\ ICASSP},
 year      = {2001},
 volume    = {1},
 pages     = {545--548},
 //address   = {Salt Lake City, UT, USA},
 publisher = {IEEE},
 doi       = {10.1109/ICASSP.2001.940889},
 issn      = {1520-6149},
 isbn      = {0-7803-7041-4},
 url       = {http://citeseerx.ist.psu.edu/viewdoc/summary?doi=10.1.1.408.6877},
}

@inproceedings{wuebker-etal2013,
 author    = {Wuebker, J.  and  Peitz, S.  and  Rietig, F.  and  Ney, H.},
 title     = {Improving Statistical Machine Translation with Word Class Models},
 booktitle = {Proc.\ EMNLP},
 //month     = {October},
 year      = {2013},
 //address   = {Seattle, WA, USA},
 //publisher = {Association for Computational Linguistics},
 pages     = {1377--1381},
 url       = {http://www.aclweb.org/anthology/D13-1138.pdf},
}

@inproceedings{zhao-etal2009,
 author    = {Zhao, H.  and  Chen, W.  and  Kity, C.  and  Zhou, G.},
 title     = {Multilingual Dependency Learning: A Huge Feature Engineering Method to Semantic Dependency Parsing},
 booktitle = {Proc.\ CoNLL: Shared Task},
 //month     = {June},
 year      = {2009},
 //address   = {Boulder, CO, USA},
 //publisher = {Association for Computational Linguistics},
 pages     = {55--60},
 url       = {http://www.aclweb.org/anthology/W09-1208},
}

@inproceedings{zollmann-vogel2011,
 author    = {Zollmann, A.  and  Vogel, S.},
 title     = {A Word-Class Approach to Labeling {PSCFG} Rules for Machine Translation},
 booktitle = {Proc.\ ACL-HLT},
 //month     = {June},
 year      = {2011},
 //address   = {Portland, OR, USA},
 //publisher = {Association for Computational Linguistics},
 pages     = {1--11},
 url       = {http://www.aclweb.org/anthology/P11-1001.pdf},
}

@InProceedings{dehdari-tan-vangenabith:2016:N16-1,
  author    = {Dehdari, Jon  and  Tan, Liling  and  van Genabith, Josef},
  title     = {BIRA: Improved Predictive Exchange Word Clustering},
  booktitle = {Proceedings of the 2016 Conference of the North American Chapter of the Association for Computational Linguistics: Human Language Technologies},
  month     = {June},
  year      = {2016},
  address   = {San Diego, California},
  publisher = {Association for Computational Linguistics},
  pages     = {1169--1174},
  url       = {http://www.aclweb.org/anthology/N16-1139}
}

@InProceedings{dehdari-tan-vangenabith:2016:N16-3,
  author    = {Dehdari, Jon  and  Tan, Liling  and  van Genabith, Josef},
  title     = {Scaling Up Word Clustering},
  booktitle = {Proceedings of the 2016 Conference of the North American Chapter of the Association for Computational Linguistics: Demonstrations},
  month     = {June},
  year      = {2016},
  address   = {San Diego, California},
  pages     = {42--46},
  url       = {http://www.aclweb.org/anthology/N16-3009}
}
