
@inproceedings{lilingexperttechreport,
  title={D4. 2: Terminology and ontology},
  author={Liling Tan},
  booktitle={Technical report, EXPERT (EXPloiting Empirical appRoaches to Translation) Consortium},
  year={2016},
}

@inproceedings{lilingexpertworkshop,
  title={EXPERT Innovations in Terminology Extraction and Ontology Induction},
  author={Liling Tan},
  booktitle={Proceedings of the EXPERT Scientific and Technological Workshop},
  year={2016},
}

