%%%%%%%%%%%%%%%%%%%%%%%%%%%%%%%%%%%%%%%%%%%%%%%%%%%%%%%%%%%%%%%%%%%%%%%%%%%%%%%
% My work
%%%%%%%%%%%%%%%%%%%%%%%%%%%%%%%%%%%%%%%%%%%%%%%%%%%%%%%%%%%%%%%%%%%%%%%%%%%%%%%

% Pervasive
@InProceedings{pervasive2015,
  author    = {Tan, Liling and van Genabith, Josef and Bond, Francis},
  title     = {Passive and Pervasive Use of Bilingual Dictionary in Statistical Machine Translation},
  booktitle = {Proceedings of the Fourth Workshop on Hybrid Approaches to Translation (HyTra)},
  month     = {July},
  year      = {2015},
  address   = {Beijing},
  pages     = {30--34},
  url       = {http://www.aclweb.org/anthology/W15-4105}
}


@InProceedings{manawi2014,
  author    = {Tan, Liling  and  Pal, Santanu},
  title     = {Manawi: Using Multi-Word Expressions and Named Entities to Improve Machine Translation},
  booktitle = {Proceedings of the Ninth Workshop on Statistical Machine Translation},
  month     = {June},
  year      = {2014},
  address   = {Baltimore, Maryland, USA},
  publisher = {Association for Computational Linguistics},
  pages     = {201--206},
  url       = {http://www.aclweb.org/anthology/W14-3323}
}


@InProceedings{l2xling2014,
  author    = {Tan, Liling  and  Schumann, Anne  and  Martinez, Jose  and  Bond, Francis},
  title     = {Sensible: L2 Translation Assistance by Emulating the Manual Post-Editing Process},
  booktitle = {Proceedings of the 8th International Workshop on Semantic Evaluation (SemEval 2014)},
  month     = {August},
  year      = {2014},
  address   = {Dublin, Ireland},
  publisher = {Association for Computational Linguistics and Dublin City University},
  pages     = {541--545},
  url       = {http://www.aclweb.org/anthology/S14-2094}
}

@inproceedings{pal2010handling,
  title={Handling Named Entities and Compound Verbs in Phrase-Based Statistical Machine Translation},
  author={Pal, Santanu and Naskar, Sudip Kumar and Pecina, Pavel and Bandyopadhyay, Sivaji and Way, Andy},
  booktitle={23rd International Conference of Computational Linguistics (Coling 2010), Beijing, Chaina},
  pages={46--54},
  year={2010}
}



%%%%%%%%%%%%%%%%%%%%%%%%%%%%%%%%%%%%%%%%%%%%%%%%%%%%%%%%%%%%%%%%%%%%%%%%%%%%%%%
% History
%%%%%%%%%%%%%%%%%%%%%%%%%%%%%%%%%%%%%%%%%%%%%%%%%%%%%%%%%%%%%%%%%%%%%%%%%%%%%%%

@book{busche2009gottfried,
  title={Gottfried Wilhelm Leibniz: Monadologie},
  author={Busche, Hubertus},
  volume={34},
  year={2009},
  publisher={Walter de Gruyter}
}

@book{hutchins2000early,
  title={Early years in machine translation: memoirs and biographies of pioneers},
  author={Hutchins, W John},
  volume={97},
  year={2000},
  publisher={John Benjamins Publishing}
}


@article{weaver1955translation,
  title={Translation},
  author={Weaver, Warren},
  journal={Machine translation of languages},
  volume={14},
  pages={15--23},
  year={1955},
  publisher={Cambridge: Technology Press, MIT}
}

% Leibniz

@book{wiener1982leibniz,
  title={Leibniz: Selections},
  author={Wiener, P.P.},
  isbn={9780684175959},
  series={Hudson River Edition Series},
  url={https://books.google.co.uk/books?id=HHrWAAAAMAAJ},
  year={1982},
  publisher={Charles Scribner's Sons}
}

% Becher
@book{becher1962mechanischen,
  title={Zur mechanischen Sprach{\"u}bersetzung: ein Programmierungsversuch aus dem Jahre 1661: JJ Becher Allgemeine Verschl{\"u}sselung der Sprachen (Character, pro Notitia linguarum universalis, deutsch-lateinisch. Mit einer interpretierenden Einleitung von... WG Waffenschmidt.[Stellungnahme von Pater Roberto Busa.]},
  author={Becher, Johann Joachim},
  year={1962},
  publisher={W. Kohlhammer}
}

% ALPAC
@article{alpac,
  title={ALPAC: the (in)famous report},
  author={John Hutchins},
  journal={MT News International},
  volume={14},
  pages={9--12},
  year={1996},
}

@article{shannon2001mathematical,
  title={A mathematical theory of communication},
  author={Shannon, Claude Elwood},
  journal={ACM SIGMOBILE Mobile Computing and Communications Review},
  volume={5},
  number={1},
  pages={3--55},
  year={2001},
  publisher={ACM}
}


@book{koehn2009statistical,
  title={Statistical machine translation},
  author={Koehn, Philipp},
  year={2009},
  publisher={Cambridge University Press}
}

%%%%%%%%%%%%%%%%%%%%%%%%%%%%%%%%%%%%%%%%%%%%%%%%%%%%%%%%%%%%%%%%%%%%%%%%%%%%%%%
% Alignments and Basics
%%%%%%%%%%%%%%%%%%%%%%%%%%%%%%%%%%%%%%%%%%%%%%%%%%%%%%%%%%%%%%%%%%%%%%%%%%%%%%%


% IBM
@article{brown1990statistical,
  title={A statistical approach to machine translation},
  author={Brown, Peter F and Cocke, John and Pietra, Stephen A Della and Pietra, Vincent J Della and Jelinek, Fredrick and Lafferty, John D and Mercer, Robert L and Roossin, Paul S},
  journal={Computational linguistics},
  volume={16},
  number={2},
  pages={79--85},
  year={1990},
  publisher={MIT Press}
}


@article{brown1993mathematics,
  title={The mathematics of statistical machine translation: Parameter estimation},
  author={Brown, Peter F and Pietra, Vincent J Della and Pietra, Stephen A Della and Mercer, Robert L},
  journal={Computational linguistics},
  volume={19},
  number={2},
  pages={263--311},
  year={1993},
  publisher={MIT Press}
}

@inproceedings{brown1993dictionaries,
 author = {Brown, Peter F. and Della Pietra, Stephen A. and Della Pietra, Vincent J. and Goldsmith, Meredith J. and Hajic, Jan and Mercer, Robert L. and Mohanty, Surya},
 title = {But Dictionaries Are Data Too},
 booktitle = {Proceedings of the Workshop on Human Language Technology},
 series = {HLT '93},
 year = {1993},
 isbn = {1-55860-324-7},
 location = {Princeton, New Jersey},
 pages = {202--205},
 numpages = {4},
 url = {http://dx.doi.org/10.3115/1075671.1075716},
 doi = {10.3115/1075671.1075716},
 acmid = {1075716},
 publisher = {Association for Computational Linguistics},
 address = {Stroudsburg, PA, USA},
} 


@article{knight1999decoding,
  title={Decoding complexity in word-replacement translation models},
  author={Knight, Kevin},
  journal={Computational Linguistics},
  volume={25},
  number={4},
  pages={607--615},
  year={1999},
  publisher={MIT Press}
}

@inproceedings{vogel1996hmm,
  title={HMM-based word alignment in statistical translation},
  author={Vogel, Stephan and Ney, Hermann and Tillmann, Christoph},
  booktitle={Proceedings of the 16th conference on Computational linguistics-Volume 2},
  pages={836--841},
  year={1996},
  organization={Association for Computational Linguistics}
}

@article{och2003systematic,
  title={A systematic comparison of various statistical alignment models},
  author={Och, Franz Josef and Ney, Hermann},
  journal={Computational linguistics},
  volume={29},
  number={1},
  pages={19--51},
  year={2003},
  publisher={MIT Press}
}

%%%%%%%%%%%%%%%%%%%%%%%%%%%%%%%%%%%%%%%%%%%%%%%%%%%%%%%%%%%%%%%%%%%%%%%%%%%%%%%
% Phrased based MT + Hiero
%%%%%%%%%%%%%%%%%%%%%%%%%%%%%%%%%%%%%%%%%%%%%%%%%%%%%%%%%%%%%%%%%%%%%%%%%%%%%%%


% Phrase-based
@incollection{zens2002phrase,
  title={Phrase-based statistical machine translation},
  author={Zens, Richard and Och, Franz Josef and Ney, Hermann},
  booktitle={KI 2002: Advances in Artificial Intelligence},
  pages={18--32},
  year={2002},
  publisher={Springer}
}


@inproceedings{ochneymaxentsmt,
  author    = {Franz Josef Och and Hermann Ney},
  title     = {Discriminative Training and Maximum Entropy Models for Statistical
               Machine Translation},
  booktitle = {Proceedings of the 40th Annual Meeting of the Association for Computational
               Linguistics, July 6-12, 2002, Philadelphia, PA, {USA.}},
  pages     = {295--302},
  year      = {2002},
}



@inproceedings{marcu2002phrase,
  title={A phrase-based, joint probability model for statistical machine translation},
  author={Marcu, Daniel and Wong, William},
  booktitle={Proceedings of the ACL-02 conference on Empirical methods in natural language processing-Volume 10},
  pages={133--139},
  year={2002},
  organization={Association for Computational Linguistics}
}

@inproceedings{koehn2003statistical,
  title={Statistical phrase-based translation},
  author={Koehn, Philipp and Och, Franz Josef and Marcu, Daniel},
  booktitle={Proceedings of the 2003 Conference of the North American Chapter of the Association for Computational Linguistics on Human Language Technology-Volume 1},
  pages={48--54},
  year={2003}
}

@incollection{koehn2004pharaoh,
  title={Pharaoh: a beam search decoder for phrase-based statistical machine translation models},
  author={Koehn, Philipp},
  booktitle={Machine translation: From real users to research},
  pages={115--124},
  year={2004},
  publisher={Springer}
}


@inproceedings{al1999statistical,
  title={Statistical machine translation},
  author={Al-Onaizan, Yaser and Curin, Jan and Jahr, Michael and Knight, Kevin and Lafferty, John and Melamed, Dan and Och, Franz-Josef and Purdy, David and Smith, Noah A and Yarowsky, David},
  booktitle={Final Report, JHU Summer Workshop},
  volume={30},
  year={1999}
}

@inproceedings{tillmann2004unigram,
  title={A unigram orientation model for statistical machine translation},
  author={Tillmann, Christoph},
  booktitle={Proceedings of HLT-NAACL 2004: Short Papers},
  pages={101--104},
  year={2004},
}

@inproceedings{al2006distortion,
  title={Distortion models for statistical machine translation},
  author={Al-Onaizan, Yaser and Papineni, Kishore},
  booktitle={Proceedings of the 21st International Conference on Computational Linguistics and the 44th annual meeting of the Association for Computational Linguistics},
  pages={529--536},
  year={2006}
}

@inproceedings{zollmann2008systematic,
  title={A systematic comparison of phrase-based, hierarchical and syntax-augmented statistical MT},
  author={Zollmann, Andreas and Venugopal, Ashish and Och, Franz and Ponte, Jay},
  booktitle={Proceedings of the 22nd International Conference on Computational Linguistics-Volume 1},
  pages={1145--1152},
  year={2008}
}


@article{birch2010metrics,
  title={Metrics for MT evaluation: evaluating reordering},
  author={Birch, Alexandra and Osborne, Miles and Blunsom, Phil},
  journal={Machine Translation},
  volume={24},
  number={1},
  pages={15--26},
  year={2010},
  publisher={Springer}
}

% Hiero.
@inproceedings{chiang2005hierarchical,
  title={A hierarchical phrase-based model for statistical machine translation},
  author={Chiang, David},
  booktitle={Proceedings of the 43rd Annual Meeting on Association for Computational Linguistics},
  pages={263--270},
  year={2005},
  organization={Association for Computational Linguistics}
}
% Binarized Hiero.
@inproceedings{zhang2006synchronous,
  title={Synchronous binarization for machine translation},
  author={Zhang, Hao and Huang, Liang and Gildea, Daniel and Knight, Kevin},
  booktitle={Proceedings of the main conference on Human Language Technology Conference of the North American Chapter of the Association of Computational Linguistics},
  pages={256--263},
  year={2006},
  organization={Association for Computational Linguistics}
}
@inproceedings{huang2007binarization,
  title={Binarization, synchronous binarization, and target-side binarization},
  author={Huang, Liang},
  booktitle={Proceedings of the NAACL-HLT 2007/AMTA Workshop on Syntax and Structure in Statistical Translation},
  pages={33--40},
  year={2007},
  organization={Association for Computational Linguistics}
}

%%%%%%%%%%%%%%%%%%%%%%%%%%%%%%%%%%%%%%%%%%%%%%%%%%%%%%%%%%%%%%%%%%%%%%%%%%%%%%%
% Factored based MT
%%%%%%%%%%%%%%%%%%%%%%%%%%%%%%%%%%%%%%%%%%%%%%%%%%%%%%%%%%%%%%%%%%%%%%%%%%%%%%%


% Factored decoding.
@inproceedings{koehn2010moreannotations,
 author = {Koehn, Philipp and Haddow, Barry and Williams, Philip and Hoang, Hieu},
 title = {More Linguistic Annotation for Statistical Machine Translation},
 booktitle = {Proceedings of the Joint Fifth Workshop on Statistical Machine Translation and MetricsMATR},
 series = {WMT '10},
 year = {2010},
 isbn = {978-1-932432-71-8},
 location = {Uppsala, Sweden},
 pages = {115--120},
 numpages = {6},
 url = {http://dl.acm.org/citation.cfm?id=1868850.1868865},
 acmid = {1868865},
 publisher = {Association for Computational Linguistics},
 address = {Stroudsburg, PA, USA},
} 


@INPROCEEDINGS{Hoang09aunified,
    author = {Hieu Hoang and Adam Lopez},
    title = {A unified framework for phrase-based, hierarchical, and syntax-based statistical machine translation},
    booktitle = {In Proceedings of the International Workshop on Spoken Language Translation (IWSLT},
    year = {2009},
    pages = {152--159}
}

@article{hoang2011improving,
  title={Improving statistical machine translation with linguistic information},
  author={Hoang, Hieu},
  year={2011},
  publisher={The University of Edinburgh}
}

@inproceedings{koehn2007factored,
  title={Factored Translation Models.},
  author={Koehn, Philipp and Hoang, Hieu},
  booktitle={EMNLP-CoNLL},
  pages={868--876},
  year={2007}
}

@inproceedings{bojar2007english,
  title={English-to-Czech factored machine translation},
  author={Bojar, Ond{\v{r}}ej},
  booktitle={Proceedings of the second workshop on statistical machine translation},
  pages={232--239},
  year={2007},
  organization={Association for Computational Linguistics}
}

@inproceedings{ramanathan2009case,
  title={Case markers and morphology: addressing the crux of the fluency problem in English-Hindi SMT},
  author={Ramanathan, Ananthakrishnan and Choudhary, Hansraj and Ghosh, Avishek and Bhattacharyya, Pushpak},
  booktitle={Proceedings of the Joint Conference of the 47th Annual Meeting of the ACL and the 4th International Joint Conference on Natural Language Processing of the AFNLP: Volume 2-Volume 2},
  pages={800--808},
  year={2009},
  organization={Association for Computational Linguistics}
}

%%%%%%%%%%%%%%%%%%%%%%%%%%%%%%%%%%%%%%%%%%%%%%%%%%%%%%%%%%%%%%%%%%%%%%%%%%%%%%%
% Tree based MT
%%%%%%%%%%%%%%%%%%%%%%%%%%%%%%%%%%%%%%%%%%%%%%%%%%%%%%%%%%%%%%%%%%%%%%%%%%%%%%%


% Dekai Wu (1997) IGT
@article{wu1997stochastic,
  title={Stochastic inversion transduction grammars and bilingual parsing of parallel corpora},
  author={Wu, Dekai},
  journal={Computational linguistics},
  volume={23},
  number={3},
  pages={377--403},
  year={1997},
  publisher={MIT Press}
}
@inproceedings{wu1998machine,
  title={Machine translation with a stochastic grammatical channel},
  author={Wu, Dekai and Hkust, Hongsing Wong},
  booktitle={Proceedings of the 17th international conference on Computational linguistics-Volume 2},
  pages={1408--1415},
  year={1998},
  organization={Association for Computational Linguistics}
}


% Yamada and Knight (2001) Syntax-based SMT
@inproceedings{yamada2001syntax,
  title={A syntax-based statistical translation model},
  author={Yamada, Kenji and Knight, Kevin},
  booktitle={Proceedings of the 39th Annual Meeting on Association for Computational Linguistics},
  pages={523--530},
  year={2001},
  organization={Association for Computational Linguistics}
}

% GHKM Rules
@Inproceedings {ghkm2004,
address      = {Boston, Massachusetts, USA},
author       = {Michel Galley and Mark Hopkins and Kevin Knight and Daniel Marcu},
booktitle    = {HLT-NAACL 2004: Main Proceedings},
month        = {May},
pages        = {273–280},
publisher    = {Association for Computational Linguistics},
title        = {What's in a translation rule?},
url          = {http://research.microsoft.com/apps/pubs/default.aspx?id=151142},
year         = {2004},
}

% String2Tree
@inproceedings{galley2006scalable,
  title={Scalable inference and training of context-rich syntactic translation models},
  author={Galley, Michel and Graehl, Jonathan and Knight, Kevin and Marcu, Daniel and DeNeefe, Steve and Wang, Wei and Thayer, Ignacio},
  booktitle={Proceedings of the 21st International Conference on Computational Linguistics and the 44th annual meeting of the Association for Computational Linguistics},
  pages={961--968},
  year={2006},
  organization={Association for Computational Linguistics}
}

% Tree2String
@inproceedings{Huang2006T2S,
 author = {Huang, Liang and Knight, Kevin and Joshi, Aravind},
 title = {A Syntax-directed Translator with Extended Domain of Locality},
 booktitle = {Proceedings of the Workshop on Computationally Hard Problems and Joint Inference in Speech and Language Processing},
 series = {CHSLP '06},
 year = {2006},
 location = {New York City, New York},
 pages = {1--8},
 numpages = {8},
 url = {http://dl.acm.org/citation.cfm?id=1631828.1631829},
 acmid = {1631829},
 publisher = {Association for Computational Linguistics},
 address = {Stroudsburg, PA, USA},
} 
@inproceedings{liu2008improved,
  title={Improved tree-to-string transducer for machine translation},
  author={Liu, Ding and Gildea, Daniel},
  booktitle={Proceedings of the Third Workshop on Statistical Machine Translation},
  pages={62--69},
  year={2008},
  organization={Association for Computational Linguistics}
}


% Tree2Tree
@InProceedings{zhangt2t,
  author    = {Zhang, Min  and  Jiang, Hongfei  and  Aw, Aiti  and  Li, Haizhou  and  Tan, Chew Lim  and  Li, Sheng},
  title     = {A Tree Sequence Alignment-based Tree-to-Tree Translation Model},
  booktitle = {Proceedings of ACL-08: HLT},
  month     = {June},
  year      = {2008},
  address   = {Columbus, Ohio},
  publisher = {Association for Computational Linguistics},
  pages     = {559--567},
  url       = {http://www.aclweb.org/anthology/P/P08/P08-1064}
}


% pS-TAG
@inproceedings{shieber2007probabilistic,
  title={Probabilistic synchronous tree-adjoining grammars for machine translation: The argument from bilingual dictionaries},
  author={Shieber, Stuart M},
  booktitle={Proceedings of the NAACL-HLT 2007/AMTA Workshop on Syntax and Structure in Statistical Translation},
  pages={88--95},
  year={2007},
  organization={Association for Computational Linguistics}
}

% S-TAG
@inproceedings{shieber1990synchronous,
  title={Synchronous tree-adjoining grammars},
  author={Shieber, Stuart M and Schabes, Yves},
  booktitle={Proceedings of the 13th conference on Computational linguistics-Volume 3},
  pages={253--258},
  year={1990},
  organization={Association for Computational Linguistics}
}


% Forest based.
@InProceedings{mi2008forest,
  author    = {Mi, Haitao  and  Huang, Liang  and  Liu, Qun},
  title     = {Forest-Based Translation},
  booktitle = {Proceedings of ACL-08: HLT},
  month     = {June},
  year      = {2008},
  address   = {Columbus, Ohio},
  publisher = {Association for Computational Linguistics},
  pages     = {192--199},
  url       = {http://www.aclweb.org/anthology/P/P08/P08-1023}
}


%%%%%%%%%%%%%%%%%%%%%%%%%%%%%%%%%%%%%%%%%%%%%%%%%%%%%%%%%%%%%%%%%%%%%%%%%%%%%%%
% Dependency based MT
%%%%%%%%%%%%%%%%%%%%%%%%%%%%%%%%%%%%%%%%%%%%%%%%%%%%%%%%%%%%%%%%%%%%%%%%%%%%%%%


% Bilingual dependency parse mapping.
@incollection{menezes2003best,
  title={A best-first alignment algorithm for automatic extraction of transfer mappings from bilingua corpora},
  author={Menezes, Arul and Richardson, Stephen D},
  booktitle={Recent advances in example-based machine translation},
  pages={421--442},
  year={2003},
  publisher={Springer}
}

% Dependency treelet MT
@inproceedings{menezes2005dependency,
  title={Dependency Treelet Translation: The convergence of statistical and example-based machine-translation?},
  author={Menezes, Arul and Quirk, Chris},
  booktitle={MT Summit X},
  pages={99},
  year={2005}
}

@inproceedings{lin2004path,
  title={A path-based transfer model for machine translation},
  author={Lin, Dekang},
  booktitle={Proceedings of the 20th international conference on Computational Linguistics},
  pages={625},
  year={2004},
  organization={Association for Computational Linguistics}
}

@inproceedings{xiong2007dependency,
  title={A dependency treelet string correspondence model for statistical machine translation},
  author={Xiong, Deyi and Liu, Qun and Lin, Shouxun},
  booktitle={Proceedings of the Second Workshop on Statistical Machine Translation},
  pages={40--47},
  year={2007},
  organization={Association for Computational Linguistics}
}

@inproceedings{shen2008new,
  title={A New String-to-Dependency Machine Translation Algorithm with a Target Dependency Language Model.},
  author={Shen, Libin and Xu, Jinxi and Weischedel, Ralph M},
  booktitle={ACL},
  pages={577--585},
  year={2008}
}


% Tecto MT

@inproceedings{tectomt2003,
 author = {\v{C}mejrek, Martin and Cu\v{r}\'{\i}n, Jan and Havelka, Ji\v{r}\'{\i}},
 title = {Czech-English Dependency-based Machine Translation},
 booktitle = {Proceedings of the Tenth Conference on European Chapter of the Association for Computational Linguistics - Volume 1},
 series = {EACL '03},
 year = {2003},
 isbn = {1-333-56789-0},
 location = {Budapest, Hungary},
 pages = {83--90},
 numpages = {8},
 url = {http://dx.doi.org/10.3115/1067807.1067820},
 doi = {10.3115/1067807.1067820},
 acmid = {1067820},
 publisher = {Association for Computational Linguistics},
 address = {Stroudsburg, PA, USA},
} 

@inproceedings{eisner2003learning,
  title={Learning non-isomorphic tree mappings for machine translation},
  author={Eisner, Jason},
  booktitle={Proceedings of the 41st Annual Meeting on Association for Computational Linguistics-Volume 2},
  pages={205--208},
  year={2003},
  organization={Association for Computational Linguistics}
}

@incollection{popel2010tectomt,
  title={TectoMT: modular NLP framework},
  author={Popel, Martin and {\v{Z}}abokrtsk{\`y}, Zden{\v{e}}k},
  booktitle={Advances in natural language processing},
  pages={293--304},
  year={2010},
  publisher={Springer}
}

@inproceedings{vzabokrtsky2008tectomt,
  title={TectoMT: Highly modular MT system with tectogrammatics used as transfer layer},
  author={{\v{Z}}abokrtsk{\`y}, Zden{\v{e}}k and Pt{\'a}{\v{c}}ek, Jan and Pajas, Petr},
  booktitle={Proceedings of the Third Workshop on Statistical Machine Translation},
  pages={167--170},
  year={2008},
  organization={Association for Computational Linguistics}
}

@inproceedings{bojar2008phrase,
  title={Phrase-based and deep syntactic English-to-Czech statistical machine translation},
  author={Bojar, Ond{\v{r}}ej and Haji{\v{c}}, Jan},
  booktitle={Proceedings of the third Workshop on Statistical Machine translation},
  pages={143--146},
  year={2008},
  organization={Association for Computational Linguistics}
}

%%%%%%%%%%%%%%%%%%%%%%%%%%%%%%%%%%%%%%%%%%%%%%%%%%%%%%%%%%%%%%%%%%%%%%%%%%%%%%%
% Decoders.
%%%%%%%%%%%%%%%%%%%%%%%%%%%%%%%%%%%%%%%%%%%%%%%%%%%%%%%%%%%%%%%%%%%%%%%%%%%%%%%


% Travatar.
@inproceedings{neubig13travatar,
  title = {Travatar: A Forest-to-String Machine Translation Engine based on Tree Transducers},
  author = {Graham Neubig},
  booktitle = {Proceedings of the ACL Demonstration Track},
  address = {Sofia, Bulgaria},
  month = {August},
  year = {2013}
}


% cdec
@InProceedings{cdec,
  author={Chris Dyer and Adam Lopez and Juri Ganitkevitch and Johnathan Weese
          and Ferhan Ture and Phil Blunsom and Hendra Setiawan and Vladimir Eidelman and Philip Resnik},
  title={cdec: A Decoder, Alignment, and Learning Framework for Finite-State and Context-Free Translation Models},
  booktitle={Proceedings of the Association for Computational Linguistics (ACL)},
  year={2010}
}

% Joshua
@inproceedings{li2009joshua,
  title={Joshua: An open source toolkit for parsing-based machine translation},
  author={Li, Zhifei and Callison-Burch, Chris and Dyer, Chris and Ganitkevitch, Juri and Khudanpur, Sanjeev and Schwartz, Lane and Thornton, Wren NG and Weese, Jonathan and Zaidan, Omar F},
  booktitle={Proceedings of the Fourth Workshop on Statistical Machine Translation},
  pages={135--139},
  year={2009},
  organization={Association for Computational Linguistics}
}
@inproceedings{weese2011joshua,
  title={Joshua 3.0: Syntax-based machine translation with the thrax grammar extractor},
  author={Weese, Jonathan and Ganitkevitch, Juri and Callison-Burch, Chris and Post, Matt and Lopez, Adam},
  booktitle={Proceedings of the Sixth Workshop on Statistical Machine Translation},
  pages={478--484},
  year={2011},
  organization={Association for Computational Linguistics}
}

% Moses
@inproceedings{hoang2008design,
  title={Design of the moses decoder for statistical machine translation},
  author={Hoang, Hieu and Koehn, Philipp},
  booktitle={Software Engineering, Testing, and Quality Assurance for Natural Language Processing},
  pages={58--65},
  year={2008},
  organization={Association for Computational Linguistics}
}

%%%%%%%%%%%%%%%%%%%%%%%%%%%%%%%%%%%%%%%%%%%%%%%%%%%%%%%%%%%%%%%%%%%%%%%%%%%%%%%
% Dictionary and MT
%%%%%%%%%%%%%%%%%%%%%%%%%%%%%%%%%%%%%%%%%%%%%%%%%%%%%%%%%%%%%%%%%%%%%%%%%%%%%%%

@INPROCEEDINGS{Vogel04augmentingmanual,
    author = {Stephan Vogel and Christian Monson},
    title = {Augmenting Manual Dictionaries for Statistical Machine Translation Systems},
    booktitle = {Proceedings of LREC 2004},
    year = {2004},
    pages = {1593--1596}
}

@inproceedings{zhang2004interpreting,
  title={{Interpreting bleu/nist scores: How much improvement do we need to have a better system?}},
  author={Zhang, Ying and Vogel, Stephan and Waibel, Alex},
  booktitle={Proceedings of LREC 2004},
  year={2004}
}

@inproceedings{lambert2006grouping,
  title={Grouping multi-word expressions according to part-of-speech in statistical machine translation},
  author={Lambert, Patrik and Banchs, Rafael},
  booktitle={Proceedings of the Workshop on Multi-word-expressions in a multilingual context},
  pages={9--16},
  year={2006}
}

@inproceedings{Koehn2007domain,
 author = {Koehn, Philipp and Schroeder, Josh},
 title = {Experiments in Domain Adaptation for Statistical Machine Translation},
 booktitle = {Proceedings of the Second Workshop on Statistical Machine Translation},
 series = {StatMT '07},
 year = {2007},
 location = {Prague, Czech Republic},
 pages = {224--227},
 numpages = {4},
 url = {http://dl.acm.org/citation.cfm?id=1626355.1626388},
 acmid = {1626388},
 address = {Stroudsburg, PA, USA},
} 


%%%%%%%%%%%%%%%%%%%%%%%%%%%%%%%%%%%%%%%%%%%%%%%%%%%%%%%%%%%%%%%%%%%%%%%%%%%%%%%
% Dictionary/Terminology and MT
%%%%%%%%%%%%%%%%%%%%%%%%%%%%%%%%%%%%%%%%%%%%%%%%%%%%%%%%%%%%%%%%%%%%%%%%%%%%%%%

@inproceedings{kordoni2014multiword,
  title={Multiword Expressions in Machine Translation.},
  author={Kordoni, Valia and Simova, Iliana},
  year={2004},
  booktitle={Proceedings of LREC2014}
}

@inproceedings{simova2013improving,
  title={Improving English-Bulgarian statistical machine translation by phrasal verb treatment},
  author={Simova, Iliana and Kordoni, Valia},
  year={2013},
  booktitle={Proceedings of MT Summit XIV Workshop on Multi-word Units in Machine Translation and Translation Technology},
  address={Nice, France}
}

@InProceedings{cholakovkordoni2014,
  author    = {Cholakov, Kostadin  and  Kordoni, Valia},
  title     = {Better Statistical Machine Translation through Linguistic Treatment of Phrasal Verbs},
  booktitle = {Proceedings of the 2014 Conference on Empirical Methods in Natural Language Processing (EMNLP)},
  month     = {October},
  year      = {2014},
  address   = {Doha, Qatar},
  publisher = {Association for Computational Linguistics},
  pages     = {196--201},
  url       = {http://www.aclweb.org/anthology/D14-1024}
}


@article{tsvetkov2012extraction,
  title={Extraction of multi-word expressions from small parallel corpora},
  author={Tsvetkov, Yulia and Wintner, Shuly},
  journal={Natural Language Engineering},
  volume={18},
  number={04},
  pages={549--573},
  year={2012},
  publisher={Cambridge Univ Press}
}

@article{skadicnvs2013application,
  title={Application of online terminology services in statistical machine translation},
  author={Skadi{\c{n}}{\v{s}}, Raivis and Pinnis, M{\=a}rcis and Gornostay, Tatiana and Vasi{\c{l}}jevs, Andrejs},
  booktitle = {Proceedings of the XIV Machine Translation Summit},
 pages={281--286},
 year={2013}
}


@InProceedings{meng2014,
  author    = {Meng, Fandong  and  Xiong, Deyi  and  Jiang, Wenbin  and  Liu, Qun},
  title     = {Modeling Term Translation for Document-informed Machine Translation},
  booktitle = {Proceedings of the 2014 Conference on Empirical Methods in Natural Language Processing (EMNLP)},
  month     = {October},
  year      = {2014},
  address   = {Doha, Qatar},
  pages     = {546--556}
}


@inproceedings{koehn2007experiments,
  title={Experiments in domain adaptation for statistical machine translation},
  author={Koehn, Philipp and Schroeder, Josh},
  booktitle={Proceedings of the Second Workshop on Statistical Machine Translation},
  pages={224--227},
  year={2007}
}

@inproceedings{carpuat2009one,
  title={One translation per discourse},
  author={Carpuat, Marine},
  booktitle={Proceedings of the Workshop on Semantic Evaluations: Recent Achievements and Future Directions},
  pages={19--27},
  year={2009}
}

@article{tezcan2011smt,
  title={SMT-CAT integration in a Technical Domain: Handling XML Markup Using Pre \& Post-processing Methods},
  author={Tezcan, Arda and Vandeghinste, Vincent},
  journal={Proceedings of EAMT 2011},
  year={2011}
}

@inproceedings{nanba2009automatic,
  title={Automatic translation of scholarly terms into patent terms},
  author={Nanba, Hidetsugu and Kamaya, Hideaki and Takezawa, Toshiyuki and Okumura, Manabu and Shinmori, Akihiro and Tanigawa, Hidekazu},
  booktitle={Proceedings of the 2nd international workshop on Patent information retrieval},
  pages={21--24},
  year={2009},
  organization={ACM}
}

@inproceedings{tanaka2003noun,
  title={Noun-noun compound machine translation: a feasibility study on shallow processing},
  author={Tanaka, Takaaki and Baldwin, Timothy},
  booktitle={Proceedings of the ACL 2003 workshop on Multiword expressions: analysis, acquisition and treatment-Volume 18},
  pages={17--24},
  year={2003},
  organization={Association for Computational Linguistics}
}

@inproceedings{wu2008domain,
 author = {Wu, Hua and Wang, Haifeng and Zong, Chengqing},
 title = {Domain Adaptation for Statistical Machine Translation with Domain Dictionary and Monolingual Corpora},
 booktitle = {Proceedings of the 22Nd International Conference on Computational Linguistics - Volume 1},
 series = {COLING '08},
 year = {2008},
 isbn = {978-1-905593-44-6},
 location = {Manchester, United Kingdom},
 pages = {993--1000},
 numpages = {8},
 url = {http://dl.acm.org/citation.cfm?id=1599081.1599206},
 acmid = {1599206},
 publisher = {Association for Computational Linguistics},
 address = {Stroudsburg, PA, USA},
} 


@inproceedings{ren2009improving,
 author = {Ren, Zhixiang and L\"{u}, Yajuan and Cao, Jie and Liu, Qun and Huang, Yun},
 title = {Improving Statistical Machine Translation Using Domain Bilingual Multiword Expressions},
 booktitle = {Proceedings of the Workshop on Multiword Expressions: Identification, Interpretation, Disambiguation and Applications},
 series = {MWE '09},
 year = {2009},
 isbn = {978-1-932432-60-2},
 location = {Suntec, Singapore},
 pages = {47--54},
 numpages = {8},
 url = {http://dl.acm.org/citation.cfm?id=1698239.1698249},
 acmid = {1698249},
 publisher = {Association for Computational Linguistics},
 address = {Stroudsburg, PA, USA},
} 


@InProceedings{ueffing2007transductive,
  author    = {Ueffing, Nicola  and  Haffari, Gholamreza  and  Sarkar, Anoop},
  title     = {Transductive learning for statistical machine translation},
  booktitle = {Proceedings of the 45th Annual Meeting of the Association of Computational Linguistics},
  month     = {June},
  year      = {2007},
  address   = {Prague, Czech Republic},
  publisher = {Association for Computational Linguistics},
  pages     = {25--32},
  url       = {http://www.aclweb.org/anthology/P07-1004}
}


@inproceedings{wu2008domain,
  title={Domain adaptation for statistical machine translation with domain dictionary and monolingual corpora},
  author={Wu, Hua and Wang, Haifeng and Zong, Chengqing},
  booktitle={Proceedings of the 22nd International Conference on Computational Linguistics-Volume 1},
  pages={993--1000},
  year={2008},
  organization={Association for Computational Linguistics}
}

@article{wu2007comparative,
  title={Comparative study of word alignment heuristics and phrase-based SMT},
  author={Wu, Hua and Wang, Haifeng},
  year={2007},
  booktitle={Proceedings of the MT Summit XI}
}

@InProceedings{hermjakob2008nametrans,
  author    = {Hermjakob, Ulf  and  Knight, Kevin  and  Daum\'{e} III, Hal},
  title     = {Name Translation in Statistical Machine Translation - Learning When to Transliterate},
  booktitle = {Proceedings of ACL-08: HLT},
  month     = {June},
  year      = {2008},
  address   = {Columbus, Ohio},
  publisher = {Association for Computational Linguistics},
  pages     = {389--397},
  url       = {http://www.aclweb.org/anthology/P/P08/P08-1045}
}

@article{Nothman2013,
 author = {Nothman, Joel and Ringland, Nicky and Radford, Will and Murphy, Tara and Curran, James R.},
 title = {Learning Multilingual Named Entity Recognition from Wikipedia},
 journal = {Artif. Intell.},
 issue_date = {January, 2013},
 volume = {194},
 month = jan,
 year = {2013},
 issn = {0004-3702},
 pages = {151--175},
 numpages = {25},
 url = {http://dx.doi.org/10.1016/j.artint.2012.03.006},
 doi = {10.1016/j.artint.2012.03.006},
 acmid = {2405915},
 publisher = {Elsevier Science Publishers Ltd.},
 address = {Essex, UK},
 keywords = {Annotated corpora, Information extraction, Named entity recognition, Semi-structured resources, Semi-supervised learning, Wikipedia},
} 

@article{minarro2015acquisition,
  title={Acquisition of Character Translation Rules for Supporting SNOMED CT Localizations},
  author={Mi{\~n}arro-Gim{\'e}nez, Jose Antonio and Hellrich, Johannes and Schulz, Stefan},
  journal={Studies in health technology and informatics},
  volume={210},
  pages={597},
  year={2015}
}

@article{arcan2014identification,
  title={Identification of Bilingual Terms from Monolingual Documents for Statistical Machine Translation},
  author={Arcan, Mihael and Giuliano, Claudio and Turchi, Marco and Buitelaar, Paul},
  journal={COLING 2014},
  pages={22},
  year={2014}
}

@inproceedings{sanchez2011integrating,
  title={Integrating shallow-transfer rules into phrase-based statistical machine translation},
  author={S{\'a}nchez Cartagena, V{\'\i}ctor Manuel and S{\'a}nchez Mart{\'\i}nez, Felipe and P{\'e}rez Ortiz, Juan Antonio and others},
  year={2011},
  organization={Machine Translation Summit}
}

%%%%%%%%%%%%%%%%%%%%%%%%%%%%%%%%%%%%%%%%%%%%%%%%%%%%%%%%%%%%%%%%%%%%%%%%%%%%%%
% MWE, Noun-Noun, etc.
%%%%%%%%%%%%%%%%%%%%%%%%%%%%%%%%%%%%%%%%%%%%%%%%%%%%%%%%%%%%%%%%%%%%%%%%%%%%%%

@techreport{pu2015leveragingtechreport,
  title={Leveraging compounds to improve noun phrase translation from chinese and german},
  author={Pu, Xiao and Mascarell, Laura and Popescu-Belis, Andrei and Fishel, Mark and Luong, Ngoc-Quang and Volk, Martin},
  year={2015},
  institution={Idiap},
  number={Idiap-RR-09-2015}
}


@misc{cherny2000translation,
  title={Translation system and method in which words are translated by a specialized dictionary and then a general dictionary},
  author={Cherny, Julius},
  year={2000},
  month=jul # "~4",
  publisher={Google Patents},
  note={US Patent 6,085,162}
}

@article{tsuji2006automatic,
  title={Automatic generation of Japanese--English bilingual thesauri based on bilingual corpora},
  author={Tsuji, Keita and Kageura, Kyo},
  journal={Journal of the American Society for Information Science and Technology},
  volume={57},
  number={7},
  pages={891--906},
  year={2006},
  publisher={Wiley Online Library}
}

@misc{pinkham2008machine,
  title={Machine translation using learned word associations without referring to a multi-lingual human authored dictionary of content words},
  author={Pinkham, Jessie E and Smets, Martine MSA},
  year={2008},
  month=apr # "~8",
  publisher={Google Patents},
  note={US Patent 7,356,457}
}

@inproceedings{kitamura1996automatic,
  title={Automatic extraction of word sequence correspondences in parallel corpora},
  author={Kitamura, Mihoko and Matsumoto, Yuji},
  year={1996},
  booktitle={Proceedings of the 4th Workshop on Very Large Corpora}
}

@inproceedings{baldwin-tanaka:2004:ACLMWE,
  author    = {Baldwin, Timothy  and  Tanaka, Takaaki},
  title     = {Translation by Machine of Complex Nominals: Getting it Right},
  booktitle = {Second ACL Workshop on Multiword Expressions: Integrating Processing},
  editor = {Takaaki Tanaka and Aline Villavicencio and Francis Bond and Anna Korhonen},
  year      = 2004,
  month     = {July},
  address   = {Barcelona, Spain},
  publisher = {Association for Computational Linguistics},
  pages     = {24--31}
}

@inproceedings{tanaka2003translation,
  title={Translation selection for Japanese-English noun-noun compounds},
  author={Tanaka, Takaaki and Baldwin, Timothy},
    booktitle = {Proceedings of Machine Translation Summit IX},
    year = {2003}
}

@article{khanhjapanese,
  title={Japanese--Vietnamese compound noun translation},
  author={Khanh, Vo Ho Bao and Ishizaki, Shun}
  year={2010},
  booktitle={Proceedings of 言語処理学会第16回年次大会(NLP2010)}
}

@inproceedings{wang2007chinese,
  title={Chinese Syntactic Reordering for Statistical Machine Translation.},
  author={Wang, Chao and Collins, Michael and Koehn, Philipp},
  booktitle={EMNLP-CoNLL},
  pages={737--745},
  year={2007}
}

@inproceedings{chang2008optimizing,
  title={Optimizing Chinese word segmentation for machine translation performance},
  author={Chang, Pi-Chuan and Galley, Michel and Manning, Christopher D},
  booktitle={Proceedings of the third workshop on statistical machine translation},
  pages={224--232},
  year={2008},
  organization={Association for Computational Linguistics}
}

@inproceedings{chang2009disambiguating,
  title={Disambiguating DE for Chinese-English machine translation},
  author={Chang, Pi-Chuan and Jurafsky, Dan and Manning, Christopher D},
  booktitle={Proceedings of the Fourth Workshop on Statistical Machine Translation},
  pages={215--223},
  year={2009},
  organization={Association for Computational Linguistics}
}

@InProceedings{pu2015leveraging,
  author    = {Pu, Xiao  and  Mascarell, Laura  and  Popescu-Belis, Andrei  and  Fishel, Mark  and  Luong, Ngoc-Quang  and  Volk, Martin},
  title     = {Leveraging Compounds to Improve Noun Phrase Translation from Chinese and German},
  booktitle = {Proceedings of the ACL-IJCNLP 2015 Student Research Workshop},
  month     = {July},
  year      = {2015},
  address   = {Beijing, China},
  publisher = {Association for Computational Linguistics},
  pages     = {8--15},
  url       = {http://www.aclweb.org/anthology/P15-3002}
}


@inproceedings{rackow1992automatic,
  title={Automatic translation of noun compounds},
  author={Rackow, Ulrike and Dagan, Ido and Schwall, Ulrike},
  booktitle={Proceedings of the 14th conference on Computational linguistics-Volume 4},
  pages={1249--1253},
  year={1992},
  organization={Association for Computational Linguistics}
}

@incollection{popovic2006statistical,
  title={Statistical machine translation of German compound words},
  author={Popovi{\'c}, Maja and Stein, Daniel and Ney, Hermann},
  booktitle={Advances in Natural Language Processing},
  pages={616--624},
  year={2006},
  publisher={Springer}
}

@incollection{stymne2008german,
  title={German compounds in factored statistical machine translation},
  author={Stymne, Sara},
  booktitle={Advances in Natural Language Processing},
  pages={464--475},
  year={2008},
  publisher={Springer}
}

@article{stymne2013generation,
  title={Generation of compound words in statistical machine translation into compounding languages},
  author={Stymne, Sara and Cancedda, Nicola and Ahrenberg, Lars},
  journal={Computational Linguistics},
  volume={39},
  number={4},
  pages={1067--1108},
  year={2013},
  publisher={MIT Press}
}

@InProceedings{weller2014ComAComA,
  author    = {Weller, Marion  and  Cap, Fabienne  and  M\"{u}ller, Stefan  and  Schulte im Walde, Sabine  and  Fraser, Alexander},
  title     = {Distinguishing Degrees of Compositionality in Compound Splitting for Statistical Machine Translation},
  booktitle = {Proceedings of the First Workshop on Computational Approaches to Compound Analysis (ComAComA 2014)},
  month     = {August},
  year      = {2014},
  address   = {Dublin, Ireland},
  publisher = {Association for Computational Linguistics and Dublin City University},
  pages     = {81--90},
  url       = {http://www.aclweb.org/anthology/W14-5709}
}

@InProceedings{cap-EtAl:2014:EACL,
  author    = {Cap, Fabienne  and  Fraser, Alexander  and  Weller, Marion  and  Cahill, Aoife},
  title     = {How to Produce Unseen Teddy Bears: Improved Morphological Processing of Compounds in SMT},
  booktitle = {Proceedings of the 14th Conference of the European Chapter of the Association for Computational Linguistics},
  month     = {April},
  year      = {2014},
  address   = {Gothenburg, Sweden},
  publisher = {Association for Computational Linguistics},
  pages     = {579--587},
  url       = {http://www.aclweb.org/anthology/E14-1061}
}


@InProceedings{tran-bisazza-monz:2014:EMNLP2014,
  author    = {Tran, Ke M.  and  Bisazza, Arianna  and  Monz, Christof},
  title     = {Word Translation Prediction for Morphologically Rich Languages with Bilingual Neural Networks},
  booktitle = {Proceedings of the 2014 Conference on Empirical Methods in Natural Language Processing (EMNLP)},
  month     = {October},
  year      = {2014},
  address   = {Doha, Qatar},
  publisher = {Association for Computational Linguistics},
  pages     = {1676--1688},
  url       = {http://www.aclweb.org/anthology/D14-1175}
}


@article{SennrichHB15,
  author    = {Rico Sennrich and
               Barry Haddow and
               Alexandra Birch},
  title     = {Neural Machine Translation of Rare Words with Subword Units},
  journal   = {CoRR},
  volume    = {abs/1508.07909},
  year      = {2015},
  url       = {http://arxiv.org/abs/1508.07909},
  timestamp = {Tue, 01 Sep 2015 14:42:40 +0200},
  biburl    = {http://dblp.uni-trier.de/rec/bib/journals/corr/SennrichHB15},
  bibsource = {dblp computer science bibliography, http://dblp.org}
}

@article{daiber2015machine,
  title={Machine Translation with Source-Predicted Target Morphology},
  author={Daiber, Joachim and Sima’an, Khalil},
  journal={Proceedings of MT Summit XV, Miami, Florida},
  year={2015}
}


%%%%%%%%%%%%%%%%%%%%%%%%%%%%%%%%%%%%%%%%%%%%%%%%%%%%%%%%%%%%%%%%%%%%%%%%%%%%%%
% Industrial Side of things.
%%%%%%%%%%%%%%%%%%%%%%%%%%%%%%%%%%%%%%%%%%%%%%%%%%%%%%%%%%%%%%%%%%%%%%%%%%%%%%

@article{porsiel2011,
title={Machine translation at Volkswagen},
author={J\"{o}rg Porsiel},
year={2011},
booktitle={Talk presented at the Fifth Machine Translation Marathon (MTM)}
}


@article{porsiel2008,
title={Machine translation at Volkswagen: a case study},
year={2008},
author={J\"{o}rg Porsiel},
booktitle={MultiLingual},
volume={19(8)},
pages={58},
}


@article{warburton2005,
title={Terminology: Getting Down to Business, The Globalization Insider},
author={Kara Warburton},
year={2005},
booktitle={Retrieved from http://web.archive.org/web/20110523103011/http://www.lisa.org/globalizationinsider/2005/07/terminology_get.html}
}


@article{clientsidenews2006,
author={ClientSideNews},
year={2006},
title={A New Mid-level Solution for Terminology Management},
booktitle={Retrieved from http://www.lexicool.com/lingo4-terminology-management-article.asp}
}

@article{hoffmeister2014,
author={Ana Hoffmeister},
title={Terminology Processes and Quality Assurance},
year={2014},
booktitle={Terminology for Translators Colloquium. Retrieved from http://fr46.uni-saarland.de/fileadmin/user_upload/personen/wurm/Workshops/Hoffmeister_Terminology_Processes_and_Quality_Assurance.pdf}
}


@article{lionbridge2010,
author={Lionbridge},
year={2010},
title={Standardizing Business Terminology through Localization Management},
booktitle={Retrieved from http://web.archive.org/web/20100818070158/http://www.lionbridge.com/lionbridge/en-US/services/localization-translation/terminology-management.htm}
}

%%%%%%%%%%%%%%%%%%%%%%%%%%%%%%%%%%%%%%%%%%%%%%%%%%%%%%%%%%%%%%%%%%%%%%%%%%%%%%%
% Shared Tasks
%%%%%%%%%%%%%%%%%%%%%%%%%%%%%%%%%%%%%%%%%%%%%%%%%%%%%%%%%%%%%%%%%%%%%%%%%%%%%%%

@INPROCEEDINGS{iwslt2006,
    author = {Michael Paul},
    title = {Overview of the IWSLT 2006 Evaluation Campaign},
    booktitle = {In Proceedings of the International Workshop on Spoken Language Translation},
    year = {2006},
    pages = {1--15}
}


% WAT2014
@inproceedings{nakazawa2014overview,
  title={Overview of the First Workshop on {A}sian Translation},
  author={Nakazawa, Toshiaki and Mino, Hideya and Goto, Isao and Kurohashi, Sadao and Sumita, Eiichiro},
  booktitle={Proceedings of the First Workshop on Asian Translation (WAT2014)},
  year={2014}
}

@inproceedings{WAT2015overview,
  title={Overview of the 2nd Workshop on Asian Translation},
  author={Nakazawa, Toshiaki and Mino, Hideya and Goto, Isao and Neubig, Graham and Kurohashi, Sadao and Sumita, Eiichiro},
  booktitle={Proceedings of the 2nd Workshop on Asian Translation (WAT2015)},
  year={2015}
  month={October},
  address={Kyoto, Japan},
}

% WMT15 Metric task
@InProceedings{WMT15-metric,
  author    = {Stanojevi\'{c}, Milo\v{s}  and  Kamran, Amir  and  Koehn, Philipp  and  Bojar, Ond\v{r}ej},
  title     = {Results of the WMT15 Metrics Shared Task},
  booktitle = {Proceedings of the Tenth Workshop on Statistical Machine Translation},
  month     = {September},
  year      = {2015},
  address   = {Lisbon, Portugal},
  publisher = {Association for Computational Linguistics},
  pages     = {256--273},
  url       = {http://aclweb.org/anthology/W15-3031}
}

% IWSLT2014
@inproceedings{cettolo2014report,
  title={Report on the 11th IWSLT Evaluation Campaign, IWSLT 2014},
  author={Cettolo, Mauro and Niehues, Jan and St{\"u}ker, Sebastian and Bentivogli, Luisa and Federico, Marcello},
  booktitle={Proceedings of the eleventh International Workshop on Spoken Language Translation (IWSLT), Lake Tahoe, CA},
  pages={2--17},
  year={2014}
}

% WMT10
@inproceedings{callison2010findings,
  title={Findings of the 2010 joint workshop on statistical machine translation and metrics for machine translation},
  author={Callison-Burch, Chris and Koehn, Philipp and Monz, Christof and Peterson, Kay and Przybocki, Mark and Zaidan, Omar F},
  booktitle={Proceedings of the Joint Fifth Workshop on Statistical Machine Translation and MetricsMATR},
  pages={17--53},
  year={2010},
  organization={Association for Computational Linguistics}
}


% WMT11
@inproceedings{callison2011findings,
  title={Findings of the 2011 workshop on statistical machine translation},
  author={Callison-Burch, Chris and Koehn, Philipp and Monz, Christof and Zaidan, Omar F},
  booktitle={Proceedings of the Sixth Workshop on Statistical Machine Translation},
  pages={22--64},
  year={2011},
  organization={Association for Computational Linguistics}
}

% WMT12
@InProceedings{callisonburch2012findings,
  author    = {Callison-Burch, Chris  and  Koehn, Philipp  and  Monz, Christof  and  Post, Matt  and  Soricut, Radu  and  Specia, Lucia},
  title     = {Findings of the 2012 Workshop on Statistical Machine Translation},
  booktitle = {Proceedings of the Seventh Workshop on Statistical Machine Translation},
  month     = {June},
  year      = {2012},
  address   = {Montr{\'e}al, Canada},
  publisher = {Association for Computational Linguistics},
  pages     = {10--51},
  url       = {http://www.aclweb.org/anthology/W12-3102}
}

% WMT13
@InProceedings{bojar2013findings,
  author    = {Bojar, Ond\v{r}ej  and  Buck, Christian  and  Callison-Burch, Chris  and  Federmann, Christian  and  Haddow, Barry  and  Koehn, Philipp  and  Monz, Christof  and  Post, Matt  and  Soricut, Radu  and  Specia, Lucia},
  title     = {Findings of the 2013 {Workshop on Statistical Machine Translation}},
  booktitle = {Proceedings of the Eighth Workshop on Statistical Machine Translation},
  month     = {August},
  year      = {2013},
  address   = {Sofia, Bulgaria},
  publisher = {Association for Computational Linguistics},
  pages     = {1--44},
  url       = {http://www.aclweb.org/anthology/W13-2201}
}


% WMT14
@inproceedings{bojar2014findings,
  title={Findings of the 2014 workshop on statistical machine translation},
  author={Bojar, Ondrej and Buck, Christian and Federmann, Christian and Haddow, Barry and Koehn, Philipp and Leveling, Johannes and Monz, Christof and Pecina, Pavel and Post, Matt and Saint-Amand, Herve and others},
  booktitle={Proceedings of the Ninth Workshop on Statistical Machine Translation},
  pages={12--58},
  year={2014},
}
% WMT15
@InProceedings{WMT15,
  author    = {Bojar, Ond\v{r}ej  and  Chatterjee, Rajen  and  Federmann, Christian  and  Haddow, Barry  and  Huck, Matthias  and  Hokamp, Chris  and  Koehn, Philipp  and  Logacheva, Varvara  and  Monz, Christof  and  Negri, Matteo  and  Post, Matt  and  Scarton, Carolina  and  Specia, Lucia  and  Turchi, Marco},
  title     = {Findings of the 2015 Workshop on Statistical Machine Translation},
  booktitle = {Proceedings of the Tenth Workshop on Statistical Machine Translation},
  month     = {September},
  year      = {2015},
  address   = {Lisbon, Portugal},
  pages     = {1--46},
}


%%%%%%%%%%%%%%%%%%%%%%%%%%%%%%%%%%%%%%%%%%%%%%%%%%%%%%%%%%%%%%%%%%%%%%%%%%%%%%%
% Meta-Eval
%%%%%%%%%%%%%%%%%%%%%%%%%%%%%%%%%%%%%%%%%%%%%%%%%%%%%%%%%%%%%%%%%%%%%%%%%%%%%%%

% BLEU B****ing
@inproceedings{babych2004extending,
  title={Extending the BLEU MT evaluation method with frequency weightings},
  author={Babych, Bogdan and Hartley, Anthony},
  booktitle={Proceedings of the 42nd Annual Meeting on Association for Computational Linguistics},
  pages={621},
  year={2004}
}
@inproceedings{callison2006re,
  title={Re-evaluation the Role of Bleu in Machine Translation Research.},
  author={Callison-Burch, Chris and Osborne, Miles and Koehn, Philipp},
  booktitle={EACL},
  volume={6},
  pages={249--256},
  year={2006}
}
@inproceedings{callison2007meta,
  title={(Meta-) evaluation of machine translation},
  author={Callison-Burch, Chris and Fordyce, Cameron and Koehn, Philipp and Monz, Christof and Schroeder, Josh},
  booktitle={Proceedings of the Second Workshop on Statistical Machine Translation},
  pages={136--158},
  year={2007},
  organization={Association for Computational Linguistics}
}
% Yvette and Tim BLEU B****ing
@InProceedings{graham-baldwin2015,
  author    = {Graham, Yvette  and  Baldwin, Timothy  and  Mathur, Nitika},
  title     = {Accurate Evaluation of Segment-level Machine Translation Metrics},
  booktitle = {Proceedings of the 2015 Conference of the North American Chapter of the Association for Computational Linguistics: Human Language Technologies},
  month     = {May--June},
  year      = {2015},
  address   = {Denver, Colorado},
  publisher = {Association for Computational Linguistics},
  pages     = {1183--1191},
  url       = {http://www.aclweb.org/anthology/N15-1124}
}



%%%%%%%%%%%%%%%%%%%%%%%%%%%%%%%%%%%%%%%%%%%%%%%%%%%%%%%%%%%%%%%%%%%%%%%%%%%%%%%
% MT Metrics
%%%%%%%%%%%%%%%%%%%%%%%%%%%%%%%%%%%%%%%%%%%%%%%%%%%%%%%%%%%%%%%%%%%%%%%%%%%%%%%

% BLEU Score
@inproceedings{papineni2002bleu,
  title={BLEU: a method for automatic evaluation of machine translation},
  author={Papineni, Kishore and Roukos, Salim and Ward, Todd and Zhu, Wei-Jing},
  booktitle={Proceedings of the 40th annual meeting on association for computational linguistics},
  pages={311--318},
  year={2002},
  organization={Association for Computational Linguistics}
}


% RIBES
@inproceedings{isozaki2010automatic,
  title={Automatic evaluation of translation quality for distant language pairs},
  author={Isozaki, Hideki and Hirao, Tsutomu and Duh, Kevin and Sudoh, Katsuhito and Tsukada, Hajime},
  booktitle={Proceedings of the 2010 Conference on Empirical Methods in Natural Language Processing},
  pages={944--952},
  year={2010}
}


% Linguistics Features MT eval
@inproceedings{Gimenez2007,
 author = {Gimenez, Jesus and Marquez, Lluis},
 title = {Linguistic Features for Automatic Evaluation of Heterogenous MT Systems},
 booktitle = {Proceedings of the Second Workshop on Statistical Machine Translation},
 year = {2007},
 location = {Prague, Czech Republic},
 pages = {256--264},
 numpages = {9},
 address = {Stroudsburg, PA, USA},
} 

% METEOR
@inproceedings{banerjee2005meteor,
  title={METEOR: An automatic metric for MT evaluation with improved correlation with human judgments},
  author={Banerjee, Satanjeev and Lavie, Alon},
  booktitle={Proceedings of the ACL Workshop on Intrinsic and Extrinsic Evaluation Measures for mMachine Translation and/or Summarization},
  volume={29},
  pages={65--72},
  year={2005}
}
@inproceedings{lavie2007meteor,
  title={METEOR: An automatic metric for MT evaluation with high levels of correlation with human judgments},
  author={Lavie, Alon and Agarwal, Abhaya},
  booktitle={Proceedings of the Second Workshop on Statistical Machine Translation},
  pages={228--231},
  year={2007}
}

@InProceedings{vela-comet,
  author    = {Vela, Mihaela  and  Tan, Liling},
  title     = {Predicting Machine Translation Adequacy with Document Embeddings},
  booktitle = {Proceedings of the Tenth Workshop on Statistical Machine Translation},
  month     = {September},
  year      = {2015},
  address   = {Lisbon, Portugal},
  pages     = {402--410},
  url       = {http://aclweb.org/anthology/W15-3051}
}

@InProceedings{gupta-reval,
  author    = {Gupta, Rohit  and  Orasan, Constantin  and  van Genabith, Josef},
  title     = {ReVal: A Simple and Effective Machine Translation Evaluation Metric Based on Recurrent Neural Networks},
  booktitle = {Proceedings of the 2015 Conference on Empirical Methods in Natural Language Processing},
  month     = {September},
  year      = {2015},
  address   = {Lisbon, Portugal},
  pages     = {1066--1072},
  url       = {http://aclweb.org/anthology/D15-1124}
}

% ROUGE
@inproceedings{lin-rouge,
  author    = {Lin, Chin-Yew},
  title     = {ROUGE: A Package for Automatic Evaluation of Summaries},
  booktitle = {Text Summarization Branches Out: Proceedings of the ACL-04 Workshop},
  editor = {Marie-Francine Moens, Stan Szpakowicz},
  year      = 2004,
  month     = {July},
  address   = {Barcelona, Spain},
  publisher = {Association for Computational Linguistics},
  pages     = {74--81}
}
% ROUGE-S
@inproceedings{lin-rouges,
 author = {Lin, Chin-Yew and Och, Franz Josef},
 title = {Automatic Evaluation of Machine Translation Quality Using Longest Common Subsequence and Skip-bigram Statistics},
 booktitle = {Proceedings of the 42Nd Annual Meeting on Association for Computational Linguistics},
 year = {2004},
 location = {Barcelona, Spain},
 address = {Stroudsburg, PA, USA},
} 


%%%%%%%%%%%%%%%%%%%%%%%%%%%%%%%%%%%%%%%%%%%%%%%%%%%%%%%%%%%%%%%%%%%%%%%%%%%%%%%
% MT Steps
%%%%%%%%%%%%%%%%%%%%%%%%%%%%%%%%%%%%%%%%%%%%%%%%%%%%%%%%%%%%%%%%%%%%%%%%%%%%%%%

% Europarl
@inproceedings{koehn2005europarl,
  title={Europarl: A parallel corpus for statistical machine translation},
  author={Koehn, Philipp},
  booktitle={Proceedings of MT Summit, vol. 5, pp. 79-86.},
  year={2005}
}  


% phrase-based
@inproceedings{koehn2003statistical,
  title={Statistical Phrase-based Translation},
  author={Koehn, Philipp and Och, Franz Josef and Marcu, Daniel},
  booktitle={Proceedings of the 2003 Conference of the North American Chapter of the Association for Computational Linguistics on Human Language Technology-Volume 1},
  pages={48--54},
  year={2003}
}

% Moses
@inproceedings{koehn2007moses,
  title={{M}oses: Open Source Toolkit for Statistical Machine Translation},
  author = {Koehn, Philipp  and  Hoang, Hieu  and  Birch, Alexandra  and  Callison-Burch, Chris  and  Federico, Marcello  and  Bertoldi, Nicola  and  Cowan, Brooke  and  Shen, Wade  and  Moran, Christine  and  Zens, Richard  and  Dyer, Chris  and  Bojar, Ond\v{r}ej  and  Constantin, Alexandra  and  Herbst, Evan},
  booktitle={Proceedings of the 45th Annual Meeting of the ACL on Interactive Poster and Demonstration Sessions},
  pages={177--180},
  year={2007},
  url = {http://www.aclweb.org/anthology/P07-2045.pdf},

}

% Alternative path decoding
@inproceedings{birch2007ccg,
  title={CCG supertags in factored statistical machine translation},
  author={Birch, Alexandra and Osborne, Miles and Koehn, Philipp},
  booktitle={Proceedings of the Second Workshop on Statistical Machine Translation},
  pages={9--16},
  year={2007},
  organization={Association for Computational Linguistics}
}

% giza++
@article{och2003systematic,
  title={A Systematic Comparison of Various Statistical Alignment Models},
  author={Och, Franz Josef and Ney, Hermann},
  journal={Computational linguistics},
  volume={29},
  number={1},
  pages={19--51},
  year={2003},
  publisher={MIT Press},
  url = {https://www.aclweb.org/anthology/J/J03/J03-1002.pdf},
}

% mgiza
@inproceedings{gao2008parallel,
  title={Parallel Implementations of Word Alignment Tool},
  author={Gao, Qin and Vogel, Stephan},
  booktitle={Software Engineering, Testing, and Quality Assurance for Natural Language Processing},
  pages={49--57},
  year={2008}
}  

% lexicaled reordering
@inproceedings{galley2008simple,
  title={A Simple and Effective Hierarchical Phrase Reordering Model},
  author={Galley, Michel and Manning, Christopher D},
  booktitle={Proceedings of the Conference on Empirical Methods in Natural Language Processing},
  pages={848--856},
  year={2008}
}

% Europarl
@inproceedings{koehn2005europarl,
  title={{E}uroparl: A parallel corpus for statistical machine translation},
  author={Koehn, Philipp},
  booktitle={Proceedings of MT Summit},
  volume={5},
  pages={79--86},
  year={2005},
  url={http://mt-archive.info/MTS-2005-Koehn.pdf},
}  

% kenlm
@inproceedings{kenlm,
  author = {Kenneth Heafield},
  title = {{KenLM}: Faster and Smaller Language Model Queries},
  year = {2011},
  //month = {July},
  booktitle = {Proceedings of the {EMNLP} 2011 Sixth Workshop on Statistical Machine Translation},
  address = {Edinburgh, Scotland},
  pages = {187--197},
  url = {http://aclweb.org/anthology/W/W11/W11-2123.pdf},
}

% kneser and ney
@inproceedings{kneser1995improved,
  title={Improved Backing-off for {m}-gram Language Modeling},
  author={Kneser, Reinhard and Ney, Hermann},
  booktitle={Acoustics, Speech, and Signal Processing, 1995. ICASSP-95., 1995 International Conference on},
  volume={1},
  pages={181--184},
  year={1995},
  organization={IEEE}
}

% Chen and Goodman
@article{chen1999empirical,
  title={An Empirical Study of Smoothing Techniques for Language Modeling},
  author={Chen, Stanley F and Goodman, Joshua},
  journal={Computer Speech \& Language},
  volume={13},
  number={4},
  pages={359--393},
  year={1999},
  publisher={Elsevier},
  url = {http://citeseerx.ist.psu.edu/viewdoc/summary?doi=10.1.1.41.4604},
}


% MERT
@inproceedings{mert,
  title={Minimum Error Rate Training in Statistical Machine Translation},
  author={Och, Franz Josef},
  booktitle={Proceedings of the 41st Annual Meeting on Association for Computational Linguistics-Volume 1},
  pages={160--167},
  year={2003},
  url = {http://www.aclweb.org/anthology/P03-1021.pdf},

}

% Truecasing
@InProceedings{wangknightmarcu2006,
author = {Wang, Wei and Knight, Kevin and Marcu, Daniel},
title = {Capitalizing Machine Translation},
booktitle = {Proceedings of the Human Language Technology Conference of the NAACL, Main Conference},
//month = {June},
address = {New York City, USA},
//publisher = {Association for Computational Linguistics},
pages = {1--8},
url = {http://www.aclweb.org/anthology/N/N06/N06-1001},
year = {2006}
}

% Truecasing
@inproceedings{lita2003,
author = {Lita, Lucian Vlad and Ittycheriah, Abraham and Roukos, Salim and Kambhatla, Nanda},
title = {{tRuEcasIng}},
booktitle = {Proceedings of the 41st Annual Meeting of the Association for Computational Linguistics},
editor = {Erhard Hinrichs and Dan Roth},
url = {http://www.aclweb.org/anthology/P03-1020.pdf},
pages = {152--159},
year = {2003}
}

% kenlm + quantized + trie
@InProceedings{kenlmTrieQuantized,
  author    = {Heafield, Kenneth  and  Pouzyrevsky, Ivan  and  Clark, Jonathan H.  and  Koehn, Philipp},
  title     = {Scalable Modified {K}neser-{N}ey Language Model Estimation},
  booktitle = {Proceedings of the 51st Annual Meeting of the Association for Computational Linguistics (Volume 2: Short Papers)},
  //month     = {August},
  year      = {2013},
  address   = {Sofia, Bulgaria},
  pages     = {690--696},
  url       = {http://aclweb.org/anthology/P/P13/P13-2121.pdf},
}

% quantized lm
@inproceedings{whittaker2001quantization,
  title={Quantization-based Language Model Compression},
  author={Whittaker, Edward W. D. and Raj, Bhiksha},
  booktitle={Proceedings of INTERSPEECH},
  pages={33--36},
  year={2001}
}

% cmph
@article{junczys2012phrasal,
  title={Phrasal Rank-encoding: Exploiting Phrase Redundancy and Translational Relations for Phrase Table Compression},
  author={Junczys-Dowmunt, Marcin},
  journal={The Prague Bulletin of Mathematical Linguistics},
  volume={98},
  pages={63--74},
  year={2012}
}

% Bootstrap resampling
@Inbook{koehn2004significance,
author="Koehn, Philipp",
chapter="Statistical Significance Tests for Machine Translation Evaluation",
title="Proceedings of the 2004 Conference on Empirical Methods in Natural Language Processing ",
year="2004"
}

@inproceedings{pal2013impact,
  title={Impact of Linguistically Motivated Shallow Phrases in PB-SMT},
  author={Pal, Santanu and Hasanuzzaman, Mahammed and Naskar, Sudip Kumar and Bandyopadhyay, Sivaji},
  booktitle={ICON 2013 http://sivajibandyopadhyay.com/publications/Icon-v1.3-camera.pdf},
  year={2013},
  organization={ICON 2013}
}


@InProceedings{NAKAZAWA16.621,
  author = {Toshiaki Nakazawa and Manabu Yaguchi and Kiyotaka Uchimoto and Masao Utiyama and Eiichiro Sumita and Sadao Kurohashi and Hitoshi Isahara},
  title = {ASPEC: Asian Scientific Paper Excerpt Corpus},
  booktitle = {Proceedings of the Ninth International Conference on Language Resources and Evaluation (LREC 2016)},
  year = {2016},
  month = {may},
  date = {26-31},
  address = {Portorož, Slovenia},
  editor = {Nicoletta Calzolari (Conference Chair) and Khalid Choukri and Thierry Declerck and Marko Grobelnik and Bente Maegaard and Joseph Mariani and Asuncion Moreno and Jan Odijk and Stelios Piperidis},
  publisher = {European Language Resources Association (ELRA)},
  isbn = {978-2-9517408-9-1},
  language = {english},
  pages = {2204-2208}
}


@article{sennrich2015neural,
  title={Neural machine translation of rare words with subword units},
  author={Sennrich, Rico and Haddow, Barry and Birch, Alexandra},
  journal={arXiv preprint arXiv:1508.07909},
  year={2015}
}

@article{luong2015effective,
  title={Effective approaches to attention-based neural machine translation},
  author={Luong, Minh-Thang and Pham, Hieu and Manning, Christopher D},
  journal={arXiv preprint arXiv:1508.04025},
  year={2015}
}

@article{crego2016systran,
  title={SYSTRAN's Pure Neural Machine Translation Systems},
  author={Crego, Josep and Kim, Jungi and Klein, Guillaume and Rebollo, Anabel and Yang, Kathy and Senellart, Jean and Akhanov, Egor and Brunelle, Patrice and Coquard, Aurelien and Deng, Yongchao and others},
  journal={arXiv preprint arXiv:1610.05540},
  year={2016}
}

@article{kalchbrenner2016neural,
  title={Neural Machine Translation in Linear Time},
  author={Kalchbrenner, Nal and Espeholt, Lasse and Simonyan, Karen and Oord, Aaron van den and Graves, Alex and Kavukcuoglu, Koray},
  journal={arXiv preprint arXiv:1610.10099},
  year={2016}
}

@article{wu2016google,
  title={Google's Neural Machine Translation System: Bridging the Gap between Human and Machine Translation},
  author={Wu, Yonghui and Schuster, Mike and Chen, Zhifeng and Le, Quoc V and Norouzi, Mohammad and Macherey, Wolfgang and Krikun, Maxim and Cao, Yuan and Gao, Qin and Macherey, Klaus and others},
  journal={arXiv preprint arXiv:1609.08144},
  year={2016}
}
    