%%%%%%%%%%%%%%%%%%%%%%%%%%%%%%%%%%%%%%%%%%%%%%%%%%%%%%%%%%%%
% NLP tools
%%%%%%%%%%%%%%%%%%%%%%%%%%%%%%%%%%%%%%%%%%%%%%%%%%%%%%%%%%%%

% Linguistics Regularities
@InProceedings{mikolov2013,
author="Mikolov, Tomas
and Yih, Wen-tau
and Zweig, Geoffrey",
title={{Linguistic Regularities in Continuous Space Word Representations}},
booktitle="Proceedings of the 2013 Conference of the North American Chapter of the Association for Computational Linguistics: Human Language Technologies",
year="2013",
pages="746--751",
location="Atlanta, Georgia",
}

% gensim
@inproceedings{rehureklrec,
      title = {{Software Framework for Topic Modelling with Large Corpora}},
      author = {Radim {\v R}eh{\r u}{\v r}ek and Petr Sojka},
      booktitle = {{Proceedings of the LREC 2010 Workshop on New Challenges for NLP Frameworks}},
      pages = {45--50},
      year = {2010},
      publisher = {ELRA},
      address = {Valletta, Malta},
}

% mecab
@inproceedings{kudo2004applying,
  title={Applying Conditional Random Fields to {J}apanese Morphological Analysis},
  author={Kudo, Taku and Yamamoto, Kaoru and Matsumoto, Yuji},
  booktitle={Proceedings of the Conference on Empirical Methods in Natural Language Processing},
  year={2004},
  pages={230--237}
}


% KONLPY
@inproceedings{park2014konlpy,
  title={KoNLPy: Korean natural language processing in Python},
  author={Park, Eunjeong L. and Cho, Sungzoon},
  booktitle={Proceedings of the 26th Annual Conference on Human and Cognitive Language Technology},
  address={Chuncheon, Korea},
  month={October},
  year={2014} 
}

