%%%%%%%%%%%%%%%%%%%%%%%%%%%%%%%%%%%%%%%%%%%%%%%%%%%%%%%%%%%%%%%
% Manually constructed ontology
%%%%%%%%%%%%%%%%%%%%%%%%%%%%%%%%%%%%%%%%%%%%%%%%%%%%%%%%%%%%%%%

% WordNet
@article{miller1995wordnet,
  title={{WordNet: A Lexical Database for English}},
  author={Miller, George A},
  journal={Communications of the ACM},
  volume={38},
  number={11},
  pages={39--41},
  year={1995},
  publisher={ACM}
}

% SUMO
@inproceedings{PeaseEtAl2002sumo,
  author = {Pease, Adam and Niles, Ian and Li, John},
  booktitle = {Working Notes of the AAAI-2002 Workshop on Ontologies and the SemanticWeb},
  title = {{The Suggested Upper Merged Ontology: A Large Ontology for
	the Semantic Web and its Applications}},
  year = 2002
}


% CYC
@article{lenat1995cyc,
  title={{CYC: A Large-Scale Investment in Knowledge Infrastructure}},
  author={Lenat, Douglas B},
  journal={Communications of the ACM},
  volume={38},
  number={11},
  pages={33--38},
  year={1995},
  publisher={ACM}
}


% Ontonotes
@article{weischedel2010ontonotes,
  title={OntoNotes Release 4.0},
  author={Weischedel, Ralph and Pradhan, Sameer and Ramshaw, Lance and Kaufman, Jeff and Franchini, Michelle and El-Bachouti, Mohammed and Xue, Nianwen and Palmer, Martha and Marcus, Mitchell and Taylor, Ann and others},
  journal={Linguistic Data Consortium, Philadelphia},
  year={2010}
}

% OMW

@inproceedings{bond2012survey,
  title={A Survey of WordNets and their Licenses},
  author={Bond, Francis and Paik, Kyonghee},
  booktitle={GWC 2012 6th International Global Wordnet Conference},
  volume={8},
  number={4},
  pages={64},
  year={2012}
}

%%%%%%%%%%%%%%%%%%%%%%%%%%%%%%%%%%%%%%%%%%%%%%%%%%%%%%%%%%%%%%
% Previous work
%%%%%%%%%%%%%%%%%%%%%%%%%%%%%%%%%%%%%%%%%%%%%%%%%%%%%%%%%%%%%%

@article{lin2001discovery,
  title={{Discovery of Inference Rules for Question-Answering}},
  author={Lin, Dekang and Pantel, Patrick},
  journal={Natural Language Engineering},
  volume={7},
  number={04},
  pages={343--360},
  year={2001},
  publisher={Cambridge Univ Press}
}


@inproceedings{snow2006semantic,
  title={{Semantic Taxonomy Induction from Heterogenous Evidence}},
  author={Snow, Rion and Jurafsky, Daniel and Ng, Andrew Y},
  booktitle={Proceedings of the 21st International Conference on Computational Linguistics and the 44th annual meeting of the Association for Computational Linguistics},
  pages={801--808},
  year={2006},
}

@article{velardi2013ontolearn,
  title={{OntoLearn Reloaded: A Graph-based Algorithm for Taxonomy Induction}},
  author={Velardi, Paola and Faralli, Stefano and Navigli, Roberto},
  journal={Computational Linguistics},
  volume={39},
  number={3},
  pages={665--707},
  year={2013},
  publisher={MIT Press}
}

@inproceedings{berland1999finding,
  title={{Finding Parts in Very Large Corpora}},
  author={Berland, Matthew and Charniak, Eugene},
  booktitle={Proceedings of the 37th annual meeting of the Association for Computational Linguistics on Computational Linguistics},
  pages={57--64},
  year={1999},
}

@InProceedings{kozareva2008,
  author    = {Kozareva, Zornitsa  and  Riloff, Ellen  and  Hovy, Eduard},
  title     = {{Semantic Class Learning from the Web with Hyponym Pattern Linkage Graphs}},
  booktitle = {Proceedings of ACL-08: HLT},
  month     = {June},
  year      = {2008},
  address   = {Columbus, Ohio},
  pages     = {1048--1056},
  url       = {http://www.aclweb.org/anthology/P/P08/P08-1119}
}


@inproceedings{girju2003automatic,
  title={{Automatic Detection of Causal Relations for Question Answering}},
  author={Girju, Roxana},
  booktitle={Proceedings of the ACL 2003 workshop on Multilingual summarization and question answering-Volume 12},
  pages={76--83},
  year={2003},
}


@inproceedings{Caraballo1999,
 author = {Caraballo, Sharon A.},
 title = {Automatic Construction of a Hypernym-labeled Noun Hierarchy from Text},
 booktitle = {Proceedings of the 37th Annual Meeting of the Association for Computational Linguistics on Computational Linguistics},
 series = {ACL '99},
 year = {1999},
 isbn = {1-55860-609-3},
 location = {College Park, Maryland},
 pages = {120--126},
 numpages = {7},
 url = {http://dx.doi.org/10.3115/1034678.1034705},
 doi = {10.3115/1034678.1034705},
 acmid = {1034705},
 publisher = {Association for Computational Linguistics},
 address = {Stroudsburg, PA, USA},
} 


@phdthesis{Caraballo2001,
 author = {Caraballo, Sharon Ann},
 title = {{Automatic Construction of a Hypernym-labeled Noun Hierarchy from Text}},
 year = {2001},
 note = {AAI3006696},
 publisher = {Brown University},
 address = {Providence, RI, USA},
} 

@inproceedings{lin1998automatic,
  title={{Automatic Retrieval and Clustering of Similar Words}},
  author={Lin, Dekang},
  booktitle={Proceedings of the 17th international conference on Computational linguistics-Volume 2},
  pages={768--774},
  year={1998},
}

@InProceedings{pantelravi2004,
author="Pantel, Patrick
and Ravichandran, Deepak",
title={{Automatically Labeling Semantic Classes}},
booktitle="Proceedings of the Human Language Technology Conference of the North American Chapter of the Association for Computational Linguistics: HLT-NAACL 2004",
year="2004"
}


@inproceedings{hasegawa2004discovering,
  title={Discovering relations among named entities from large corpora},
  author={Hasegawa, Takaaki and Sekine, Satoshi and Grishman, Ralph},
  booktitle={Proceedings of the 42nd Annual Meeting on Association for Computational Linguistics},
  pages={415},
  year={2004},
  organization={Association for Computational Linguistics}
}

@InProceedings{mikolov2013,
author="Mikolov, Tomas
and Yih, Wen-tau
and Zweig, Geoffrey",
title={{Linguistic Regularities in Continuous Space Word Representations}},
booktitle="Proceedings of the 2013 Conference of the North American Chapter of the Association for Computational Linguistics: Human Language Technologies",
year="2013",
pages="746--751",
location="Atlanta, Georgia",
}
@book{biggs1976graph,
  title={{Graph theory 1736-1936}},
  author={Norman Biggs and E. Keith Lloyd and Robin J. Wilson},
  isbn={9780198539018},
  lccn={76379235},
  year={1976},
  publisher={Clarendon Press}
}


@inproceedings{navigliVF11,
  author    = {Roberto Navigli and
               Paola Velardi and
               Stefano Faralli},
  title     = {{A Graph-Based Algorithm for Inducing Lexical Taxonomies from Scratch}},
  booktitle = {{IJCAI} 2011, Proceedings of the 22nd International Joint Conference
               on Artificial Intelligence, Barcelona, Catalonia, Spain, July 16-22,
               2011},
  pages     = {1872--1877},
  year      = {2011},
}
  
@inproceedings{kozareva2010semi,
  title={{A Semi-Supervised Method to Learn and Construct Taxonomies using the Web}},
  author={Kozareva, Zornitsa and Hovy, Eduard},
  booktitle={Proceedings of the 2010 Conference on Empirical Methods in Natural Language Processing},
  pages={1110--1118},
  year={2010},
}  


@InProceedings{Tuan2014,
author="Luu Anh Tuan and Kim, Jung-jae and Ng, Kiong See",
title={Taxonomy Construction Using Syntactic Contextual Evidence},
booktitle="Proceedings of the 2014 Conference on Empirical Methods in Natural Language Processing (EMNLP)",
year="2014",
pages="810--819",
location="Doha, Qatar",
}

@InProceedings{fu2014semhierarchies,
author="Fu, Ruiji
and Guo, Jiang
and Qin, Bing
and Che, Wanxiang
and Wang, Haifeng
and Liu, Ting",
title={{Learning Semantic Hierarchies via Word Embeddings}},
booktitle="Proceedings of the 52nd Annual Meeting of the Association for Computational Linguistics (Volume 1: Long Papers)",
year="2014",
pages="1199--1209",
location="Baltimore, Maryland"}

@inproceedings{fountain2012taxonomy,
  title={{Taxonomy Induction using Hierarchical Random Graphs}},
  author={Fountain, Trevor and Lapata, Mirella},
  booktitle={Proceedings of the 2012 Conference of the North American Chapter of the Association for Computational Linguistics: Human Language Technologies},
  pages={466--476},
  year={2012},
}

@inproceedings{hearst1992,
  title={{Automatic Acquisition of Hyponyms from Large Text Corpora}},
  author={Hearst, Marti A},
  booktitle={Proceedings of the 14th conference on Computational linguistics-Volume 2},
  pages={539--545},
  year={1992}
}

@InProceedings{arthur-neubig-nakamura:2016:EMNLP2016,
  author    = {Arthur, Philip  and  Neubig, Graham  and  Nakamura, Satoshi},
  title     = {Incorporating Discrete Translation Lexicons into Neural Machine Translation},
  booktitle = {Proceedings of the 2016 Conference on Empirical Methods in Natural Language Processing},
  month     = {November},
  year      = {2016},
  address   = {Austin, Texas},
  pages     = {1557--1567},
  url       = {https://aclweb.org/anthology/D16-1162}
}


@techreport{khashabi2013,
author= "Daniel Khashabi",
year = "2013",
title = {{On the Recursive Neural Networks for Relation Extraction and Entity Recognition}},
school="University of Illinois at Urbana-Champaign"
}

@article{saxe2013,
author = {Saxe, Andrew M. and James L. McClelland, and Surya Ganguli},
title ={{Learning Hierarchical Category Structure in Deep Neural Networks}},
booktitle =  {Proceedings of the 35th Annual Conference of the Cognitive Science Society},
year = {2013},
pages={1271-1276}
}


@inproceedings{task13semeval2016,
  title={Semeval-2016 task 13: Taxonomy Extraction Evaluation (TExEval-2)},
  author={Bordea, Georgeta and Lefever, Els and Buitelaar, Paul},
  booktitle={Proceedings of the 10th International Workshop on Semantic Evaluation},
  year={2016},
}

@article{lenat1995cyc,
  title={{CYC: A large-scale investment in knowledge infrastructure}},
  author={Lenat, Douglas B},
  journal={Communications of the ACM},
  volume={38},
  number={11},
  pages={33--38},
  year={1995},
  publisher={ACM}
}

@inproceedings{Suchanek2007,
 author = {Suchanek, Fabian M. and Kasneci, Gjergji and Weikum, Gerhard},
 title = {{Yago: A Core of Semantic Knowledge}},
 booktitle = {Proceedings of the 16th International Conference on World Wide Web},
 series = {WWW '07},
 year = {2007},
 isbn = {978-1-59593-654-7},
 location = {Banff, Alberta, Canada},
 pages = {697--706},
 numpages = {10},
 url = {http://doi.acm.org/10.1145/1242572.1242667},
 doi = {10.1145/1242572.1242667},
 acmid = {1242667},
 publisher = {ACM},
 address = {New York, NY, USA},
 keywords = {WordNet, wikipedia},
} 

@inproceedings{Pease2002Suggested,
  added-at = {2010-07-30T12:05:53.000+0200},
  author = {Pease, Adam and Niles, Ian and Li, John},
  biburl = {http://www.bibsonomy.org/bibtex/2b98b0545460eabc19ff21bbedcac1f03/casi},
  booktitle = {In Working Notes of the AAAI-2002 Workshop on Ontologies and the Semantic Web},
  interhash = {97bd6b589cf513015ec5d2a687383ed9},
  intrahash = {b98b0545460eabc19ff21bbedcac1f03},
  keywords = {ontologies},
  timestamp = {2010-07-30T12:05:54.000+0200},
  title = {{The Suggested Upper Merged Ontology: A Large Ontology for the Semantic Web and its Applications}},
  year = 2002
}

@article{Miller1995,
 author = {Miller, George A.},
 title = {{WordNet: A Lexical Database for English}},
 journal = {Commun. ACM},
 issue_date = {Nov. 1995},
 volume = {38},
 number = {11},
 month = nov,
 year = {1995},
 issn = {0001-0782},
 pages = {39--41},
 numpages = {3},
 url = {http://doi.acm.org/10.1145/219717.219748},
 doi = {10.1145/219717.219748},
 acmid = {219748},
 publisher = {ACM},
 address = {New York, NY, USA},
} 


@inproceedings{Bollacker2008,
 author = {Bollacker, Kurt and Evans, Colin and Paritosh, Praveen and Sturge, Tim and Taylor, Jamie},
 title = {Freebase: A Collaboratively Created Graph Database for Structuring Human Knowledge},
 booktitle = {Proceedings of the 2008 ACM SIGMOD International Conference on Management of Data},
 series = {SIGMOD '08},
 year = {2008},
 isbn = {978-1-60558-102-6},
 location = {Vancouver, Canada},
 pages = {1247--1250},
 numpages = {4},
 url = {http://doi.acm.org/10.1145/1376616.1376746},
 doi = {10.1145/1376616.1376746},
 acmid = {1376746},
 publisher = {ACM},
 address = {New York, NY, USA},
 keywords = {collaborative systems, semantic network, tuple store},
} 

@article{lin2001discovery,
  title={{Discovery of Inference Rules for Question-Answering}},
  author={Lin, Dekang and Pantel, Patrick},
  journal={Natural Language Engineering},
  volume={7},
  number={04},
  pages={343--360},
  year={2001},
  publisher={Cambridge Univ Press}
}

%%%%%%%%%%%%%%%%%%%%%%%%%%%%%%%%%%%%%%%%%%%%%%%%%%%%%%%%%%%%%%%%%%%%%%%%%%%%%%%
% Previous work
%%%%%%%%%%%%%%%%%%%%%%%%%%%%%%%%%%%%%%%%%%%%%%%%%%%%%%%%%%%%%%%%%%%%%%%%%%%%%%%

@inproceedings{berland1999finding,
  title={{Finding Parts in Very Large Corpora}},
  author={Berland, Matthew and Charniak, Eugene},
  booktitle={Proceedings of the 37th annual meeting of the Association for Computational Linguistics on Computational Linguistics},
  pages={57--64},
  year={1999},
}

@article{lin2001discovery,
  title={{Discovery of Inference Rules for Question-Answering}},
  author={Lin, Dekang and Pantel, Patrick},
  journal={Natural Language Engineering},
  volume={7},
  number={04},
  pages={343--360},
  year={2001},
  publisher={Cambridge Univ Press}
}

@inproceedings{snow2006semantic,
  title={{Semantic Taxonomy Induction from Heterogenous Evidence}},
  author={Snow, Rion and Jurafsky, Daniel and Ng, Andrew Y},
  booktitle={Proceedings of the 21st International Conference on Computational Linguistics and the 44th annual meeting of the Association for Computational Linguistics},
  pages={801--808},
  year={2006},
}

@article{snow2004learning,
  title={Learning syntactic patterns for automatic hypernym discovery},
  author={Snow, Rion and Jurafsky, Daniel and Ng, Andrew Y},
  journal={Advances in Neural Information Processing Systems 17},
  year={2004}
}

@article{velardi2013ontolearn,
  title={{OntoLearn Reloaded: A Graph-based Algorithm for Taxonomy Induction}},
  author={Velardi, Paola and Faralli, Stefano and Navigli, Roberto},
  journal={Computational Linguistics},
  volume={39},
  number={3},
  pages={665--707},
  year={2013},
  publisher={MIT Press}
}


@inproceedings{van2005automatic,
  title={Automatic acquisition of lexico-semantic knowledge for QA},
  author={Van Der Plas, Lonneke},
  year={2005},
  pages={76--84},
  booktitle={Proceedings of the IJCNLP workshop on Ontologies and Lexical Resources}
}


@inproceedings{lenci2012identifying,
  title={Identifying hypernyms in distributional semantic spaces},
  author={Lenci, Alessandro and Benotto, Giulia},
  booktitle={Proceedings of the First Joint Conference on Lexical and Computational Semantics-Volume 1: Proceedings of the main conference and the shared task, and Volume 2: Proceedings of the Sixth International Workshop on Semantic Evaluation},
  pages={75--79},
  year={2012},
}

@InProceedings{santus2014,
  author    = {Santus, Enrico  and  Lenci, Alessandro  and  Lu, Qin  and  Schulte im Walde, Sabine},
  title     = {Chasing Hypernyms in Vector Spaces with Entropy},
  booktitle = {Proceedings of the 14th Conference of the European Chapter of the Association for Computational Linguistics, volume 2: Short Papers},
  month     = {April},
  year      = {2014},
  address   = {Gothenburg, Sweden},
  pages     = {38--42},
  url       = {http://www.aclweb.org/anthology/E14-4008}
}

@article{Mitchell:Lapata:2010, 
  author = {Jeff Mitchell and Mirella Lapata}, 
  title = {{Composition in Distributional Models of Semantics}}, 
  journal = {Cognitive Science}, 
  year = {2010}, 
  volume = {34}, 
  number = {8}, 
  pages = {1388--1439} 
 }
 

@mastersthesis{xling2013,
	author = "Liling Tan",
	title ={{Examining crosslingual word sense disambiguation}},
	school = "Nanyang Technological University. pages 17-21",
	year = "2013",
	pages = {17-21}
}

%%%%%%%%%%%%%%%%%%%%%%%%%%%%%%%%%%%%%%%%%%%%%%%%%%%%%%%%%%%%%%%%%%%%%%%%%%%%%%%
% Rule-based
%%%%%%%%%%%%%%%%%%%%%%%%%%%%%%%%%%%%%%%%%%%%%%%%%%%%%%%%%%%%%%%%%%%%%%%%%%%%%%%

@inproceedings{hearst1992,
  title={{Automatic Acquisition of Hyponyms from Large Text Corpora}},
  author={Hearst, Marti A},
  booktitle={Proceedings of the 14th conference on Computational linguistics-Volume 2},
  pages={539--545},
  year={1992}
}

@InProceedings{kozareva2008,
  author    = {Kozareva, Zornitsa  and  Riloff, Ellen  and  Hovy, Eduard},
  title     = {{Semantic Class Learning from the Web with Hyponym Pattern Linkage Graphs}},
  booktitle = {Proceedings of ACL-08: HLT},
  month     = {June},
  year      = {2008},
  address   = {Columbus, Ohio},
  pages     = {1048--1056},
  url       = {http://www.aclweb.org/anthology/P/P08/P08-1119}
}

@inproceedings{girju2003automatic,
  title={{Automatic Detection of Causal Relations for Question Answering}},
  author={Girju, Roxana},
  booktitle={Proceedings of the ACL 2003 workshop on Multilingual summarization and question answering-Volume 12},
  pages={76--83},
  year={2003},
}


%%%%%%%%%%%%%%%%%%%%%%%%%%%%%%%%%%%%%%%%%%%%%%%%%%%%%%%%%%%%%%%%%%%%%%%%%%%%%%%
% Clustering-based
%%%%%%%%%%%%%%%%%%%%%%%%%%%%%%%%%%%%%%%%%%%%%%%%%%%%%%%%%%%%%%%%%%%%%%%%%%%%%%%

@InProceedings{pantelravi2004,
author="Pantel, Patrick
and Ravichandran, Deepak",
title={{Automatically Labeling Semantic Classes}},
booktitle="Proceedings of the Human Language Technology Conference of the North American Chapter of the Association for Computational Linguistics: HLT-NAACL 2004",
year="2004"
}

@phdthesis{Caraballo2001,
 author = {Caraballo, Sharon Ann},
 title = {{Automatic Construction of a Hypernym-labeled Noun Hierarchy from Text}},
 year = {2001},
 note = {AAI3006696},
 publisher = {Brown University},
 address = {Providence, RI, USA},
} 

@inproceedings{lin1998automatic,
  title={{Automatic Retrieval and Clustering of Similar Words}},
  author={Lin, Dekang},
  booktitle={Proceedings of the 17th international conference on Computational linguistics-Volume 2},
  pages={768--774},
  year={1998},
}

%%%%%%%%%%%%%%%%%%%%%%%%%%%%%%%%%%%%%%%%%%%%%%%%%%%%%%%%%%%%%%%%%%%%%%%%%%%%%%%
% Graph-based
%%%%%%%%%%%%%%%%%%%%%%%%%%%%%%%%%%%%%%%%%%%%%%%%%%%%%%%%%%%%%%%%%%%%%%%%%%%%%%%


@inproceedings{navigliVF11,
  author    = {Roberto Navigli and
               Paola Velardi and
               Stefano Faralli},
  title     = {{A Graph-Based Algorithm for Inducing Lexical Taxonomies from Scratch}},
  booktitle = {{IJCAI} 2011, Proceedings of the 22nd International Joint Conference
               on Artificial Intelligence, Barcelona, Catalonia, Spain, July 16-22,
               2011},
  pages     = {1872--1877},
  year      = {2011},
}
  
@inproceedings{kozareva2010semi,
  title={{A Semi-Supervised Method to Learn and Construct Taxonomies using the Web}},
  author={Kozareva, Zornitsa and Hovy, Eduard},
  booktitle={Proceedings of the 2010 Conference on Empirical Methods in Natural Language Processing},
  pages={1110--1118},
  year={2010},
}  


@InProceedings{Tuan2014,
author="Luu Anh Tuan and Kim, Jung-jae and Ng, Kiong See",
title={Taxonomy Construction Using Syntactic Contextual Evidence},
booktitle="Proceedings of the 2014 Conference on Empirical Methods in Natural Language Processing (EMNLP)",
year="2014",
pages="810--819",
location="Doha, Qatar",
}


@inproceedings{fountain2012taxonomy,
  title={{Taxonomy Induction using Hierarchical Random Graphs}},
  author={Fountain, Trevor and Lapata, Mirella},
  booktitle={Proceedings of the 2012 Conference of the North American Chapter of the Association for Computational Linguistics: Human Language Technologies},
  pages={466--476},
  year={2012},
}

@inproceedings{ritter2009anyway,
  title={What Is This, Anyway: Automatic Hypernym Discovery.},
  author={Ritter, Alan and Soderland, Stephen and Etzioni, Oren},
  year={2009},
  booktitle={AAAI Spring Symposium: Learning by Reading and Learning to Read},
  pages={88--93}
}


%%%%%%%%%%%%%%%%%%%%%%%%%%%%%%%%%%%%%%%%%%%%%%%%%%%%%%%%%%%%%%%%%%%%%%%%%%%%%%%
% Texeval 2015
%%%%%%%%%%%%%%%%%%%%%%%%%%%%%%%%%%%%%%%%%%%%%%%%%%%%%%%%%%%%%%%%%%%%%%%%%%%%%%%

@InProceedings{tan-gupta-vangenabith:2015:SemEval,
  author    = {Tan, Liling  and  Gupta, Rohit  and  van Genabith, Josef},
  title     = {USAAR-WLV: Hypernym Generation with Deep Neural Nets},
  booktitle = {Proceedings of the 9th International Workshop on Semantic Evaluation (SemEval 2015)},
  month     = {June},
  year      = {2015},
  address   = {Denver, Colorado},
  pages     = {932--937},
  url       = {http://www.aclweb.org/anthology/S15-2155}
}


@InProceedings{bordea-EtAl:2015:SemEval,
  author    = {Bordea, Georgeta  and  Buitelaar, Paul  and  Faralli, Stefano  and  Navigli, Roberto},
  title     = {SemEval-2015 Task 17: Taxonomy Extraction Evaluation (TExEval)},
  booktitle = {Proceedings of the 9th International Workshop on Semantic Evaluation (SemEval 2015)},
  month     = {June},
  year      = {2015},
  address   = {Denver, Colorado},
  pages     = {902--910},
  url       = {http://www.aclweb.org/anthology/S15-2151}
}


@InProceedings{lefever:2015:SemEval,
  author    = {Lefever, Els},
  title     = {LT3: A Multi-modular Approach to Automatic Taxonomy Construction},
  booktitle = {Proceedings of the 9th International Workshop on Semantic Evaluation (SemEval 2015)},
  month     = {June},
  year      = {2015},
  address   = {Denver, Colorado},
  pages     = {944--948},
  url       = {http://www.aclweb.org/anthology/S15-2157}
}

@InProceedings{grefenstette:2015:SemEval,
  author    = {Grefenstette, Gregory},
  title     = {INRIASAC: Simple Hypernym Extraction Methods},
  booktitle = {Proceedings of the 9th International Workshop on Semantic Evaluation (SemEval 2015)},
  month     = {June},
  year      = {2015},
  address   = {Denver, Colorado},
  pages     = {911--914},
  url       = {http://www.aclweb.org/anthology/S15-2152}
}


@InProceedings{espinosaanke-saggion-ronzano:2015:SemEval,
  author    = {Espinosa Anke, Luis  and  Saggion, Horacio  and  Ronzano, Francesco},
  title     = {TALN-UPF: Taxonomy Learning Exploiting CRF-Based Hypernym Extraction on Encyclopedic Definitions},
  booktitle = {Proceedings of the 9th International Workshop on Semantic Evaluation (SemEval 2015)},
  month     = {June},
  year      = {2015},
  address   = {Denver, Colorado},
  pages     = {949--954},
  url       = {http://www.aclweb.org/anthology/S15-2158}
}

@InProceedings{ceesay-juanhou:2015:SemEval,
  author    = {Ceesay, Bamfa  and  Hou, Wen Juan},
  title     = {NTNU: An Unsupervised Knowledge Approach for Taxonomy Extraction},
  booktitle = {Proceedings of the 9th International Workshop on Semantic Evaluation (SemEval 2015)},
  month     = {June},
  year      = {2015},
  address   = {Denver, Colorado},
  pages     = {938--943},
  url       = {http://www.aclweb.org/anthology/S15-2156}
}

@InProceedings{cleuziou-EtAl:2015:SemEval,
  author    = {Cleuziou, Guillaume  and  Buscaldi, Davide  and  Dias, Ga\"{e}l  and  Levorato, Vincent  and  Largeron, Christine},
  title     = {QASSIT: A Pretopological Framework for the Automatic Construction of Lexical Taxonomies from Raw Texts},
  booktitle = {Proceedings of the 9th International Workshop on Semantic Evaluation (SemEval 2015)},
  month     = {June},
  year      = {2015},
  address   = {Denver, Colorado},
  pages     = {955--959},
  url       = {http://www.aclweb.org/anthology/S15-2159}
}

%%%%%%%
% Embeddings
%%%%%%%%

@inproceedings{mikolov2013distributed,
  title={Distributed representations of words and phrases and their compositionality},
  author={Mikolov, Tomas and Sutskever, Ilya and Chen, Kai and Corrado, Greg S and Dean, Jeff},
  booktitle={Advances in neural information processing systems},
  pages={3111--3119},
  year={2013}
}

@inproceedings{pennington2014glove,
  title={Glove: Global Vectors for Word Representation.},
  author={Pennington, Jeffrey and Socher, Richard and Manning, Christopher D},
  booktitle={EMNLP},
  volume={14},
  pages={1532--1543},
  year={2014}
}

@inproceedings{levy2014linguistic,
  title={Linguistic Regularities in Sparse and Explicit Word Representations.},
  author={Levy, Omer and Goldberg, Yoav and Ramat-Gan, Israel},
  booktitle={CoNLL},
  pages={171--180},
  year={2014}
}

@article{shazeer2016swivel,
  title={Swivel: Improving Embeddings by Noticing What's Missing},
  author={Shazeer, Noam and Doherty, Ryan and Evans, Colin and Waterson, Chris},
  journal={arXiv preprint arXiv:1602.02215},
  year={2016}
}

@article{saxe2013,
author = {Saxe, Andrew M. and James L. McClelland, and Surya Ganguli},
title ={{Learning Hierarchical Category Structure in Deep Neural Networks}},
booktitle =  {Proceedings of the 35th Annual Conference of the Cognitive Science Society},
year = {2013},
pages={1271-1276}
}


@InProceedings{fu2014semhierarchies,
author="Fu, Ruiji
and Guo, Jiang
and Qin, Bing
and Che, Wanxiang
and Wang, Haifeng
and Liu, Ting",
title={{Learning Semantic Hierarchies via Word Embeddings}},
booktitle="Proceedings of the 52nd Annual Meeting of the Association for Computational Linguistics (Volume 1: Long Papers)",
year="2014",
pages="1199--1209",
location="Baltimore, Maryland",
url="http://aclweb.org/anthology/P14-1113"
}


%%%%%%%%%%%%%%%%%%%%%%
% Super history
%%%%%%%%%%%%%%%%%%%%%%

@book{aleksandrov1886sprachliches,
  title={Sprachliches aus dem Nationaldichter Litauens Donalitius. I. Zur Semasiologie. Inaugural-Dissertation... von Alexander Aleksandrow,...},
  author={Aleksandrov, Alexander},
  year={1886},
  publisher={Schnakenburg}
}


@book{brockelmann1908grundriss,
  title={Grundriss der vergleichenden Grammatik der semitischen Sprachen},
  author={Brockelmann, Carl},
  volume={1},
  year={1908},
  publisher={Reuther \& Reichard}
}

@book{brugmann1886vergleichende,
  title={Vergleichende Grammatik der indogermanischen Sprachen},
  author={Brugmann, Karl},
  year={1886},
  publisher={Walter de Gruyter}
}

@book{bloomfield1983introduction,
  title={An Introduction to the Study of Language},
  author={Bloomfield, Leonard},
  isbn={9789027218926},
  series={2},
  url={https://books.google.de/books?id=ymAYoabOG5YC},
  year={1983},
  publisher={Benjamins}
}

@article{jones1979experiments,
  title={Experiments in relevance weighting of search terms},
  author={Jones, K Sparck},
  journal={Information Processing \& Management},
  volume={15},
  number={3},
  pages={133--144},
  year={1979},
  publisher={Elsevier}
}

%%%%%%%%%%%%%%%%%%%%
% Crazy Crawler
%%%%%%%%%%%%%%%%%%%%%

@InProceedings{tan-ordan:2015:SemEval,
  author    = {Tan, Liling  and  Ordan, Noam},
  title     = {USAAR-CHRONOS: Crawling the Web for Temporal Annotations},
  booktitle = {Proceedings of the 9th International Workshop on Semantic Evaluation (SemEval 2015)},
  month     = {June},
  year      = {2015},
  address   = {Denver, Colorado},
  pages     = {846--850},
  url       = {http://www.aclweb.org/anthology/S15-2143}
}


@InProceedings{tan-EtAl:2014:SemEval,
  author    = {Tan, Liling  and  Schumann, Anne  and  Martinez, Jose  and  Bond, Francis},
  title     = {Sensible: L2 Translation Assistance by Emulating the Manual Post-Editing Process},
  booktitle = {Proceedings of the 8th International Workshop on Semantic Evaluation (SemEval 2014)},
  month     = {August},
  year      = {2014},
  address   = {Dublin, Ireland},
  pages     = {541--545},
  url       = {http://www.aclweb.org/anthology/S14-2094}
}


%%%%%%%%%%%%%%%%%%%%%%%%%%%%
%
%%%%%%%%%%%%%%%%%%%%%%%%%%%%

@inproceedings{usaarsemeval2016,
  title={USAAR: Hyponym Endocentricity},
  author={Tan, Liling},
  booktitle={Proceedings of the 10th International Workshop on Semantic Evaluation (SemEval 2016)},
  year = {2016},
}

@inproceedings{nuigsemeval2016,
  title={NUIG-UNLP: A Simple Word Embedding-based Approach for Taxonomy Extraction},
  author={Pocostales, Joel},
  booktitle={Proceedings of the 10th International Workshop on Semantic Evaluation},
  year = {2016},
}

@inproceedings{panchenko2016taxi,
  title={TAXI: a Taxonomy Induction Method based on Lexico-Syntactic Patterns,  Substrings and Focused Crawling},
  author={Panchenko, Alexander Faralli, Stefano Ruppert, Eugen Remus, Steffen Naets, Hubert Fairon, Cedrick Ponzetto, Simone Paolo and Biemann, Chris},
  booktitle={Proceedings of the 10th International Workshop on Semantic Evaluation},
  year={2016},
  organization={Association for Computational Linguistics}
}

@inproceedings{qassitsemeval2016, 
  title={QASSIT: On the integration of Semantic Vectors in Pretopological Spaces for Lexical Taxonomy Acquisition}, 
  author={Cleuziou, Guillaume and Moreno, Jose G.},
  booktitle={Proceedings of the 10th International Workshop on Semantic Evaluation (SemEval 2016)}, 
  month = {June}, 
  year = {2016}, 
  address = {San Diego, California},
  organization={Association for Computational Linguistics} 
}

@article{navigli2012babelnet,
  title={BabelNet: The automatic construction, evaluation and application of a wide-coverage multilingual semantic network},
  author={Navigli, Roberto and Ponzetto, Simone Paolo},
  journal={Artificial Intelligence},
  volume={193},
  pages={217--250},
  year={2012},
  publisher={Elsevier Science Publishers Ltd.}
}

@inproceedings{task13semeval2016,
  title={Semeval-2016 task 13: Taxonomy Extraction Evaluation (TExEval-2)},
  author={Bordea, Georgeta and Lefever, Els and Buitelaar, Paul},
  booktitle={Proceedings of the 10th International Workshop on Semantic Evaluation},
  year={2016},
  organization={Association for Computational Linguistics}
}


@article{MUSEN1992435,
title = "Dimensions of knowledge sharing and reuse",
journal = "Computers and Biomedical Research",
volume = "25",
number = "5",
pages = "435 - 467",
year = "1992",
note = "",
issn = "0010-4809",
doi = "http://dx.doi.org/10.1016/0010-4809(92)90003-S",
url = "http://www.sciencedirect.com/science/article/pii/001048099290003S",
author = "Mark A. Musen",
}

@article{gruber1993translation,
  title={A translation approach to portable ontology specifications},
  author={Gruber, Thomas R},
 year={1993},
 pages={199--220},
 booktitle={Knowledge acquisition 5.2}
}

@InProceedings{jurgens-pilehvar:2016:SemEval,
  author    = {Jurgens, David  and  Pilehvar, Mohammad Taher},
  title     = {SemEval-2016 Task 14: Semantic Taxonomy Enrichment},
  booktitle = {Proceedings of the 10th International Workshop on Semantic Evaluation (SemEval-2016)},
  month     = {June},
  year      = {2016},
  address   = {San Diego, California},
  pages     = {1092--1102},
  url       = {http://www.aclweb.org/anthology/S16-1169}
}


@InProceedings{shwartz-goldberg-dagan:2016:P16-1,
  author    = {Shwartz, Vered  and  Goldberg, Yoav  and  Dagan, Ido},
  title     = {Improving Hypernymy Detection with an Integrated Path-based and Distributional Method},
  booktitle = {Proceedings of the 54th Annual Meeting of the Association for Computational Linguistics (Volume 1: Long Papers)},
  month     = {August},
  year      = {2016},
  address   = {Berlin, Germany},
  publisher = {Association for Computational Linguistics},
  pages     = {2389--2398},
  url       = {http://www.aclweb.org/anthology/P16-1226}
}


@ARTICLE{2016arXiv160805014S,
   author = {{Shwartz}, V. and {Dagan}, I.},
    title = "{Path-based vs. Distributional Information in Recognizing Lexical Semantic Relations}",
  journal = {ArXiv e-prints},
archivePrefix = "arXiv",
   eprint = {1608.05014},
 primaryClass = "cs.CL",
 keywords = {Computer Science - Computation and Language},
     year = 2016,
    month = aug,
   adsurl = {http://adsabs.harvard.edu/abs/2016arXiv160805014S},
  adsnote = {Provided by the SAO/NASA Astrophysics Data System}
}


@article{lefeverhybrid,
  title={A hybrid approach to domain-independent taxonomy learning},
  author={Lefever, Els},
  journal={Applied Ontology},
  number={Preprint},
  pages={1--24},
  publisher={IOS Press},
  year={2016}
}


@inproceedings{task17semeval2015,
  title={{Semeval-2015 task 17: Taxonomy Extraction Evaluation}},
  author={Bordea, Georgeta and Buitelaar, Paul and Faralli, Stefano and Navigli, Roberto},
  booktitle={Proceedings of the 9th International Workshop on Semantic Evaluation},
  year={2015}
}

@article{degtyarenko2008chebi,
  title={{ChEBI: A Database and Ontology for Chemical Entities of Biological Interest}},
  author={Degtyarenko, Kirill and De Matos, Paula and Ennis, Marcus and Hastings, Janna and Zbinden, Martin and Mcnaught, Alan and Alc{\'a}ntara, Rafael and Darsow, Michael and Guedj, Micka{\"e}l and Ashburner, Michael},
  journal={Nucleic acids research},
  volume={36},
  number={suppl 1},
  pages={D344--D350},
  year={2008},
  publisher={Oxford Univ Press}
}

@InProceedings{emerson2014,
  author    = {Emerson, Guy  and  Tan, Liling  and  Fertmann, Susanne  and  Palmer, Alexis  and  Regneri, Michaela},
  title     = {{SeedLing: Building and Using a Seed corpus for the Human Language Project}},
  booktitle = {Proceedings of the 2014 Workshop on the Use of Computational Methods in the Study of Endangered Languages},
  pages     = {77--85},
  year = 2014
}

@article{mikolov2013efficient,
  title={Efficient estimation of word representations in vector space},
  author={Mikolov, Tomas and Chen, Kai and Corrado, Greg and Dean, Jeffrey},
  journal={arXiv preprint arXiv:1301.3781},
  year={2013}
}

@InProceedings{Sarmento2009,
author={Sarmento, Lu{\'i}s
and Carvalho, Paula
and Oliveira, Eug{\'e}nio},
title={{Exploring the Vector Space Model for Finding Verb Synonyms in Portuguese}},
booktitle={Proceedings of the Recent Advancement in NLP (RANLP-2009)},
year={2009},
pages={393--398},
location={Borovets, Bulgaria}
}

@article{faruqui2014retrofitting,
  author = {Faruqui, Manaal and Dodge, Jesse and Jauhar, Sujay Kumar and Dyer, Chris and Hovy, Eduard H. and Smith, Noah A.},
  title     = {Retrofitting Word Vectors to Semantic Lexicons},
  booktitle = {Proceedings of NAACL},
  year      = {2015},
}