@InProceedings{agirre2015,
  author    = {Agirre, Eneko  and  Banea, Carmen  and  Cardie, Claire  and  Cer, Daniel  and  Diab, Mona  and  Gonzalez-Agirre, Aitor  and  Guo, Weiwei  and  Lopez-Gazpio, Inigo  and  Maritxalar, Montse  and  Mihalcea, Rada  and  Rigau, German  and  Uria, Larraitz  and  Wiebe, Janyce},
  title     = {{SemEval-2015 Task 2: Semantic Textual Similarity, English, Spanish and Pilot on Interpretability}},
  booktitle = {Proceedings of the 9th International Workshop on Semantic Evaluation (SemEval 2015)},
  month     = {June},
  year      = {2015},
  address   = {Denver, Colorado},
  pages     = {252--263},
}

@article{Pedregosa2011,
 title={{Scikit-learn: Machine Learning in {P}ython}},
 author={Pedregosa, Fabian and Varoquaux, Ga\"{e}l and Gramfort, Alexandre and Michel, Vincent
         and Thirion, Bertrand and Grisel, Olivier and Blondel, Mathieu and Prettenhofer, Peter
         and Weiss, Ron and Dubourg, Vincent and Vanderplas, Jake and Passos, Alexandre and
         Cournapeau, David and Brucher, Matthieu and Perrot, Matthieu and Duchesnay, \'{E}douard},
 journal={Journal of Machine Learning Research},
 volume={12},
 pages={2825--2830},
 year={2011}
}

@article{Gimenez2004,
   author = {Gim\'{e}nez, Jes\'{u}s and M\`{a}rquez, Llu\'{i}s},
   title = "{{Fast and Accurate Part-of-Speech Tagging: The SVM Approach Revisited}}",
   journal = {Recent Advances in Natural Language Processing III},
   number = {},
   year = {2004},
   pages = {153--162},
   address = {Amsterdam}
}

@INPROCEEDINGS{Surdeanu2005,
    author = {Surdeanu, Mihai and Turmo, Jordi and Comelles, Eli},
    title = {{Named Entity Recognition from Spontaneous Open-Domain Speech}},
    booktitle = {{Proceedings of the 9th International Conference on Speech Communication and Technology (Interspeech)}},
    year = {2005},
    address   = {Lisbon, Portugal},	
    pages = {}
}

@INPROCEEDINGS{Simard1992,
    author = {Simard, Michel and Foster, George F. and Isabelle, Pierre},
    title = {{Using Cognates to Align Sentences in Bilingual Corpora}},
    booktitle = {{Proceedings of the Forth International Conference on Theoretical and Methodological Issues in Machine Translation}},
    year = {1992},
    address   = {Montr\'{e}al, Canada},	
    pages = {}
}

@inproceedings{Dietterich2000,
 author = {Dietterich, Thomas G.},
 title = {{Ensemble Methods in Machine Learning}},
 booktitle = {{Proceedings of the First International Workshop on Multiple Classifier Systems}},
 series = {MCS '00},
 year = {2000},
 pages = {1--15}
} 

@INPROCEEDINGS{Bicici2014,
    author = {Bi\c{c}ici, Ergun and Way, Andy},
    title = {{RTM-DCU: Referential Translation Machines for Semantic Similarity}},
    booktitle = {{Proceedings of the 8th International Workshop on Semantic Evaluation (SemEval 2014)}},
    year = {2014},
    address   = {Dublin, Ireland},	
    pages = {487--496}
}

@INPROCEEDINGS{Bicici2013,
    author = {Bi\c{c}ici, Ergun and {van Genabith}, Josef},
    title = {{CNGL-CORE: Referential Translation Machines for Measuring Semantic Similarity}},
    booktitle = {{Second Joint Conference on Lexical and Computational Semantics (*SEM), Volume 1: Proceedings of the Main Conference and the Shared Task}},
    year = {2013},
    address   = {Atlanta, Georgia},	
    pages = {234--240}
}

@INPROCEEDINGS{Huang2014,
    author = {Huang, Pingping and Chang, Baobao},
    title = {{SSMT:A Machine Translation Evaluation View To Paragraph-to-Sentence Semantic Similarity}},
    booktitle = {{Proceedings of the 8th International Workshop on Semantic Evaluation (SemEval 2014)}},
    year = {2014},
    address   = {Dublin, Ireland},	
    pages = {585--589}
}

@INPROCEEDINGS{Barron-Cedeno2013,
    author = {Barr\'{o}n-Cede\~{n}o, Alberto and M\`{a}rquez, Llu\'{i}s and Fuentes, Maria and Rodr\'{i}guez, Horacio and Turmo, Jordi},
    title = {{UPC-CORE: What Can Machine Translation Evaluation Metrics and Wikipedia Do for Estimating Semantic Textual Similarity?}},
    booktitle = {{Second Joint Conference on Lexical and Computational Semantics (*SEM), Volume 1: Proceedings of the Main Conference and the Shared Task}},
    year = {2013},
    address   = {Atlanta, Georgia},	
    pages = {143--147}
}

@INPROCEEDINGS{Rios2012,
    author = {Rios, Miguel and Aziz, Wilker and Specia, Lucia},
    title = {{UOW: Semantically Informed Text Similarity}},
    booktitle = {{First Joint Conference on Lexical and Computational Semantics (*SEM): Proceedings of the Main Conference and the Shared Task}},
    year = {2012},
    address   = {Montr\'{e}al, Canada},	
    pages = {673--678}
}

@INPROCEEDINGS{Agirre2012,
    author = {Agirre, Eneko and Cer, Daniel and Diab, Mona and Gonzalez-Agirre, Aitor},
    title = {{SemEval-2012 Task 6: A Pilot on Semantic Textual Similarity}},
    booktitle = {{First Joint Conference on Lexical and Computational Semantics (*SEM): Proceedings of the Main Conference and the Shared Task}},
    year = {2012},
    address   = {Montr\'{e}al, Canada},	
    pages = {385--393}
}


@INPROCEEDINGS{Agirre2013,
    author = {Agirre, Eneko and Cer, Daniel and Diab, Mona and Gonzalez-Agirre, Aitor and Guo, Weiwei},
    title = {{SEM 2013 shared task: Semantic Textual Similarity}},
    booktitle = {{Second Joint Conference on Lexical and Computational Semantics (*SEM), Volume 1: Proceedings of the Main Conference and the Shared Task}},
    year = {2013},
    address   = {Atlanta, Georgia},	
    pages = {32--43}
}

@INPROCEEDINGS{Agirre2014,
    author = {Agirre, Eneko and Banea, Carmen and Cardic, Claire and Cer, Daniel and Diab, Mona and Gonzalez-Agirre, Aitor and Guo, Weiwei and Mihalcea, Rada and Rigau, German and Wiebe, Janyce},
    title = {{SemEval-2014 Task 10: Multilingual Semantic Textual Similarity}},
    booktitle = {{Proceedings of the 8th International Workshop on Semantic Evaluation (SemEval 2014)}},
    year = {2014},
    address   = {Dublin, Ireland},	
    pages = {81--91}
}

@INPROCEEDINGS{Papineni2002,
    author = {Kishore Papineni and Salim Roukos and Todd Ward and Wei-jing Zhu},
    title = {{BLEU: A Method for Automatic Evaluation of Machine Translation}},
    booktitle = {{Proceedings of the 40th Annual Meeting of the Association for Computational Linguistics}},
    year = {2002},
    address   = {Philadelphia, Pennsylvania},	
    pages = {311--318}
}

@InProceedings{Banerjee2005,
  author    = {Banerjee, Satanjeev and Lavie, Alon},
  title     = {{METEOR: An Automatic Metric for MT Evaluation with Improved Correlation with Human Judgments}},
  booktitle = {{Proceedings of the ACL 2005 Workshop on Intrinsic and Extrinsic Evaluation Measures for MT and/or Summarization}},
  year      = {2005},
  address   = {Ann Arbor, Michigan},
  pages     = {65--72}
}

@article{Gimenez2010,
   author = {Gim\'{e}nez, Jes\'{u}s and M\`{a}rquez, Llu\'{i}s},
   title = "{{Asiya: An Open Toolkit for Automatic Machine Translation (Meta-)Evaluation}}",
   journal = {The Prague Bulletin of Mathematical Linguistics},
   number = {94},
   year = {2010},
   pages = {77--86}
}

@InProceedings{Denkowski2010,
  author    = {Denkowski, Michael and Lavie, Alon},
  title     = {{Extending the METEOR Machine Translation Evaluation Metric to the Phrase Level}},
  booktitle = {{Proceedings of the HLT: The 2010 Annual Conference of the North American Chapter of the Association for Computational Linguistics}},
  year      = {2010},
  address   = {Los Angeles, California},
  pages     = {250--253},
}


@inproceedings{pado2009robust,
  title={Robust Machine Translation Evaluation with Entailment Features},
  author={Pad{\'o}, Sebastian and Galley, Michel and Jurafsky, Dan and Manning, Chris},
  booktitle={Proceedings of the Joint Conference of the 47th Annual Meeting of the ACL and the 4th International Joint Conference on Natural Language Processing of the AFNLP: Volume 1},
  pages={297--305},
  year={2009},
}

@inproceedings{aaron2012lepor,
  title={LEPOR: A Robust Evaluation Metric for Machine Translation with Augmented Factors},
  author={Aaron L.F. Han and Derek F. Wong and Lidia S. Chao},
  booktitle={24th International Conference on Computational Linguistics},
  pages={441},
  year={2012},
  organization={Citeseer}
}

@article{auer2008learning,
  title={A Learning Rule for Very Simple Universal Approximators Consisting of a Single Layer of Perceptrons},
  author={Auer, Peter and Burgsteiner, Harald and Maass, Wolfgang},
  journal={Neural Networks},
  volume={21},
  number={5},
  pages={786--795},
  year={2008}
}

@article{asiya2014,
author="Meritxell Gonz{\`a}lez and Lluis M{\`a}rquez and Laura Mascarell",
title="The Asiya Platform for Machine Translation Evaluation and Output Analysis",
journal="Journal of Natural Language Engineering",
year="2014"
}


@inproceedings{gonzalez2014,
author="Meritxell Gonz{\`a}lez and Alberto Barr{\'o}n-Cedeño and Lluís M{\`a}rquez",
title="IPA and STOUT: Leveraging Linguistic and Source-based Features for Machine Translation Evaluation",
booktitle="Ninth Workshop on Statistical Machine Translation",
pages="8",
year="2014"
}


@inproceedings{conll2000,
 author = {Tjong Kim Sang and Erik F. and Buchholz, Sabine},
 title = {Introduction to the CoNLL-2000 Shared Task: Chunking},
 booktitle = {Proceedings of the 2Nd Workshop on Learning Language in Logic and the 4th Conference on Computational Natural Language Learning - Volume 7},
 series = {ConLL '00},
 year = {2000},
 location = {Lisbon, Portugal},
 pages = {127--132},
 numpages = {6},
 url = {http://dx.doi.org/10.3115/1117601.1117631},
 doi = {10.3115/1117601.1117631},
 acmid = {1117631},

 address = {Stroudsburg, PA, USA},
} 


@inproceedings{lin-och:2004:ACL,
  author    = {Lin, Chin-Yew  and  Och, Franz Josef},
  title     = {Automatic Evaluation of Machine Translation Quality Using Longest Common Subsequence and Skip-Bigram Statistics},
  booktitle = {Proceedings of the 42nd Meeting of the Association for Computational Linguistics (ACL'04), Main Volume},
  year      = 2004,
  month     = {July},
  address   = {Barcelona, Spain},
  pages     = {605--612},
  url       = {http://www.aclweb.org/anthology/P04-1077},
  doi       = {10.3115/1218955.1219032}
}

@inproceedings{doddington2002automatic,
  title={Automatic evaluation of machine translation quality using n-gram co-occurrence statistics},
  author={Doddington, George},
  booktitle={Proceedings of the second international conference on Human Language Technology Research},
  pages={138--145},
  year={2002},
  organization={Morgan Kaufmann Publishers Inc.}
}

@inproceedings{snover2006study,
  title={A study of translation edit rate with targeted human annotation},
  author={Snover, Matthew and Dorr, Bonnie and Schwartz, Richard and Micciulla, Linnea and Makhoul, John},
  year={2006},
  booktitle={Proceedings of association for machine translation in the Americas}
}

@inproceedings{gabrilovich2007computing,
  title={Computing semantic relatedness using wikipedia-based explicit semantic analysis.},
  author={Gabrilovich, Evgeniy and Markovitch, Shaul},
  year={2007},
  booktitle={Proceedings of Twentieth International Joint Conference on Artificial Intelligence}
}

@inproceedings{liu2005syntactic,
  title={Syntactic features for evaluation of machine translation},
  author={Liu, Ding and Gildea, Daniel},
  year={2005},
  booktitle={Proceedings of the ACL Workshop on Intrinsic and Extrinsic Evaluation Measures for Machine Translation and/or Summarization}
}

@inproceedings{vsaric2012takelab,
  title={Takelab: Systems for measuring semantic text similarity},
  author={{\v{S}}ari{\'c}, Frane and Glava{\v{s}}, Goran and Karan, Mladen and {\v{S}}najder, Jan and Ba{\v{s}}i{\'c}, Bojana Dalbelo},
  booktitle={Proceedings of the First Joint Conference on Lexical and Computational Semantics-Volume 1: Proceedings of the main conference and the shared task, and Volume 2: Proceedings of the Sixth International Workshop on Semantic Evaluation},
  pages={441--448},
  year={2012},
  organization={Association for Computational Linguistics}
}

﻿@Article{Jurgens2015,
author="Jurgens, David
and Pilehvar, Mohammad Taher
and Navigli, Roberto",
title="Cross level semantic similarity: an evaluation framework for universal measures of similarity",
journal="Language Resources and Evaluation",
year="2015",
volume="50",
number="1",
pages="5--33",
}

@InProceedings{jurgens2014crosssts,
  author    = {Jurgens, David  and  Pilehvar, Mohammad Taher  and  Navigli, Roberto},
  title     = {SemEval-2014 Task 3: Cross-Level Semantic Similarity},
  booktitle = {Proceedings of the 8th International Workshop on Semantic Evaluation (SemEval 2014)},
  month     = {August},
  year      = {2014},
  address   = {Dublin, Ireland},
  publisher = {Association for Computational Linguistics and Dublin City University},
  pages     = {17--26},
  url       = {http://www.aclweb.org/anthology/S14-2003}
}

@InProceedings{berterofung2015,
  author    = {Bertero, Dario  and  Fung, Pascale},
  title     = {HLTC-HKUST: A Neural Network Paraphrase Classifier using Translation Metrics, Semantic Roles and Lexical Similarity Features},
  booktitle = {Proceedings of the 9th International Workshop on Semantic Evaluation (SemEval 2015)},
  month     = {June},
  year      = {2015},
  address   = {Denver, Colorado},
  pages     = {23--28},
  url       = {http://www.aclweb.org/anthology/S15-2004}
}


@inproceedings{socher2011dynamic,
  title={Dynamic pooling and unfolding recursive autoencoders for paraphrase detection},
  author={Socher, Richard and Huang, Eric H and Pennin, Jeffrey and Manning, Christopher D and Ng, Andrew Y},
  booktitle={Advances in Neural Information Processing Systems},
  pages={801--809},
  year={2011}
}


@article{miller1995wordnet,
  title={WordNet: a lexical database for English},
  author={Miller, George A},
  journal={Communications of the ACM},
  volume={38},
  number={11},
  pages={39--41},
  year={1995},
  publisher={ACM}
}

@article{zhang1989simple,
  title={Simple fast algorithms for the editing distance between trees and related problems},
  author={Zhang, Kaizhong and Shasha, Dennis},
  journal={SIAM journal on computing},
  volume={18},
  number={6},
  pages={1245--1262},
  year={1989},
  publisher={SIAM}
}

@inproceedings{wan2006using,
  title={Using dependency-based features to take the “para-farce” out of paraphrase},
  author={Wan, Stephen and Dras, Mark and Dale, Robert and Paris, C{\'e}cile},
  booktitle={Proceedings of the Australasian Language Technology Workshop},
  volume={2006},
  year={2006}
}

@InProceedings{bicici2015,
  author    = {Bicici, Ergun},
  title     = {RTM-DCU: Predicting Semantic Similarity with Referential Translation Machines},
  booktitle = {Proceedings of the 9th International Workshop on Semantic Evaluation (SemEval 2015)},
  month     = {June},
  year      = {2015},
  address   = {Denver, Colorado},
  pages     = {56--63},
  url       = {http://www.aclweb.org/anthology/S15-2010}
}


@InProceedings{usaarsheff2015,
  author    = {Tan, Liling  and  Scarton, Carolina  and  Specia, Lucia  and  van Genabith, Josef},
  title     = {USAAR-SHEFFIELD: Semantic Textual Similarity with Deep Regression and Machine Translation Evaluation Metrics},
  booktitle = {Proceedings of the 9th International Workshop on Semantic Evaluation (SemEval 2015)},
  month     = {June},
  year      = {2015},
  address   = {Denver, Colorado},
  pages     = {85--89},
  url       = {http://www.aclweb.org/anthology/S15-2015}
}

@InProceedings{sultan2015,
  author    = {Sultan, Md Arafat  and  Bethard, Steven  and  Sumner, Tamara},
  title     = {DLS$@$CU: Sentence Similarity from Word Alignment and Semantic Vector Composition},
  booktitle = {Proceedings of the 9th International Workshop on Semantic Evaluation (SemEval 2015)},
  month     = {June},
  year      = {2015},
  address   = {Denver, Colorado},
  pages     = {148--153},
  url       = {http://www.aclweb.org/anthology/S15-2027}
}

@inproceedings{habash2008sepia,
  title={SEPIA: surface span extension to syntactic dependency precision-based MT evaluation},
  author={Habash, Nizar and Elkholy, Ahmed},
  booktitle={Proceedings of the NIST metrics for machine translation workshop at the association for machine translation in the Americas conference, AMTA-2008. Waikiki, HI},
  year={2008},
}

@article{parker2008badger,
  title={BADGER: A new machine translation metric},
  author={Parker, Steven},
  booktitle={Metrics for Machine Translation Challenge},
  pages={21--25},
  year={2008}
}

@inproceedings{lo2012fully,
  title={Fully automatic semantic MT evaluation},
  author={Lo, Chi-kiu and Tumuluru, Anand Karthik and Wu, Dekai},
  booktitle={Proceedings of the Seventh Workshop on Statistical Machine Translation},
  pages={243--252},
  year={2012},
}


@inproceedings{stanojevic2014beer,
  title={BEER: BEtter evaluation as ranking},
  author={Stanojevic, Milo{\v{s}} and Sima’an, Khalil},
  year={2014},
  booktitle={Proceedings of the Ninth Workshop on Statistical Machine Translation},
  pages={414--419}
}

@inproceedings{zhang2007factorization,
  title={Factorization of synchronous context-free grammars in linear time},
  author={Zhang, Hao and Gildea, Daniel},
  booktitle={Proceedings of the NAACL-HLT 2007/AMTA Workshop on Syntax and Structure in Statistical Translation},
  pages={25--32},
  year={2007},
}

@inproceedings{isozaki2010automatic,
  title={Automatic evaluation of translation quality for distant language pairs},
  author={Isozaki, Hideki and Hirao, Tsutomu and Duh, Kevin and Sudoh, Katsuhito and Tsukada, Hajime},
  booktitle={Proceedings of the 2010 Conference on Empirical Methods in Natural Language Processing},
  pages={944--952},
  year={2010},
}

@inproceedings{birch2010lrscore,
  title={LRscore for evaluating lexical and reordering quality in MT},
  author={Birch, Alexandra and Osborne, Miles},
  booktitle={Proceedings of the Joint Fifth Workshop on Statistical Machine Translation and MetricsMATR},
  pages={327--332},
  year={2010}
}

@InProceedings{reval2015,
  author    = {Gupta, Rohit  and  Orasan, Constantin  and  van Genabith, Josef},
  title     = {ReVal: A Simple and Effective Machine Translation Evaluation Metric Based on Recurrent Neural Networks},
  booktitle = {Proceedings of the 2015 Conference on Empirical Methods in Natural Language Processing},
  month     = {September},
  year      = {2015},
  address   = {Lisbon, Portugal},
  pages     = {1066--1072}
}


@InProceedings{gupta2015,
  author    = {Gupta, Rohit  and  Orasan, Constantin  and  van Genabith, Josef},
  title     = {Machine Translation Evaluation using Recurrent Neural Networks},
  booktitle = {Proceedings of the Tenth Workshop on Statistical Machine Translation},
  month     = {September},
  year      = {2015},
  address   = {Lisbon, Portugal},
  pages     = {380--384}
}


@article{hochreiter1997long,
  title={Long short-term memory},
  author={Hochreiter, Sepp and Schmidhuber, J{\"u}rgen},
  journal={Neural computation},
  volume={9},
  number={8},
  pages={1735--1780},
  year={1997},
  publisher={MIT Press}
}

@InProceedings{treelstm,
  author    = {Tai, Kai Sheng  and  Socher, Richard  and  Manning, Christopher D.},
  title     = {Improved Semantic Representations From Tree-Structured Long Short-Term Memory Networks},
  booktitle = {Proceedings of the 53rd Annual Meeting of the Association for Computational Linguistics and the 7th International Joint Conference on Natural Language Processing (Volume 1: Long Papers)},
  month     = {July},
  year      = {2015},
  address   = {Beijing, China},
  pages     = {1556--1566},
  url       = {http://www.aclweb.org/anthology/P15-1150}
}


@InProceedings{cho2014,
  author    = {Cho, Kyunghyun  and  van Merrienboer, Bart  and  Gulcehre, Caglar  and  Bahdanau, Dzmitry  and  Bougares, Fethi  and  Schwenk, Holger  and  Bengio, Yoshua},
  title     = {Learning Phrase Representations using RNN Encoder--Decoder for Statistical Machine Translation},
  booktitle = {Proceedings of the 2014 Conference on Empirical Methods in Natural Language Processing (EMNLP)},
  month     = {October},
  year      = {2014},
  address   = {Doha, Qatar}
  pages     = {1724--1734},
  url       = {http://www.aclweb.org/anthology/D14-1179}
}

@article{friedman2001greedy,
  title={Greedy function approximation: a gradient boosting machine},
  author={Friedman, Jerome H},
  journal={Annals of statistics},
  pages={1189--1232},
  year={2001},
  publisher={JSTOR}
}


@article{chen2015xgboost,
  title={xgboost: eXtreme Gradient Boosting},
  author={Chen, Tianqi and He, Tong},
  journal={R package version 0.4-2},
  year={2015}
}

@article{chenxgboost,
  title={XGBoost: Reliable Large-scale Tree Boosting System},
  author={Chen, Tianqi and Guestrin, Carlos},
  year={2015},
  booktitle={Proceedings of Workshop on Machine Learning Systems
at Neural Information Processing Systems}
}

@InProceedings{stasis2016,
  author    = {Liling Tan and Carolina Scarton and Rohit Gupta and Hanna Bechara},
  title     = {Stasis: An Annotated Repository for Semantic Textual Similarity},
}

@InProceedings{wolvesaar2016,
  author    = {Hanna Bechara and Rohit Gupta and Liling Tan and Constantin Orasan and Ruslan Mitkov and van Genabith, Josef},
  title     = {WOLVESAAR: Replicating the Success of Monolingual Word Alignment and Neural Embeddings for Semantic Textual Similarity},
  booktitle = {Proceedings of the 10th International Workshop on Semantic Evaluation (SemEval 2016)},
  year      = {2016},
  address   = {San Diego, California}
}

@inproceedings{Dumai1988,
 author = {Dumais, Susan. T. and Furnas, George W. and Landauer, Thomas. K. and Deerwester, S. and Harshman, R.}
 title = {Using Latent Semantic Analysis to Improve Access to Textual Information},
 year = {1988},
booktitle = {Proceedings of the SIGCHI Conference on Human Factors in Computing Systems},
 series = {CHI '88},
 isbn = {0-201-14237-6},
 location = {Washington, D.C., USA},
 pages = {281--285},
 numpages = {5},
 url = {http://doi.acm.org/10.1145/57167.57214},
 doi = {10.1145/57167.57214},
 acmid = {57214},
 publisher = {ACM},
 address = {New York, NY, USA},
} 

@inproceedings{Corley2005,
 author = {Corley, Courtney and Mihalcea, Rada},
 title = {Measuring the Semantic Similarity of Texts},
 booktitle = {Proceedings of the ACL Workshop on Empirical Modeling of Semantic Equivalence and Entailment},
 series = {EMSEE '05},
 year = {2005},
 location = {Ann Arbor, Michigan},
 pages = {13--18},
 numpages = {6},
 url = {http://dl.acm.org/citation.cfm?id=1631862.1631865},
 acmid = {1631865},
 address = {Stroudsburg, PA, USA},
} 


@inproceedings{lin2003automatic,
  title={Automatic evaluation of summaries using n-gram co-occurrence statistics},
  author={Lin, Chin-Yew and Hovy, Eduard},
  booktitle={Proceedings of the 2003 Conference of the North American Chapter of the Association for Computational Linguistics on Human Language Technology-Volume 1},
  pages={71--78},
  year={2003},
}

@InProceedings{tai-socher-manning:2015,
  author    = {Tai, Kai Sheng  and  Socher, Richard  and  Manning, Christopher D.},
  title     = {Improved Semantic Representations From Tree-Structured Long Short-Term Memory Networks},
  booktitle = {Proceedings of the 53rd Annual Meeting of the Association for Computational Linguistics and the 7th International Joint Conference on Natural Language Processing (Volume 1: Long Papers)},
  year      = {2015},
  address   = {Beijing, China},
  pages     = {1556--1566},
  url       = {http://www.aclweb.org/anthology/P15-1150}
}

@article{banchs2015adequacy,
  title={Adequacy--fluency metrics: Evaluating MT in the continuous space model framework},
  author={Banchs, Rafael E and D'Haro, Luis F and Li, Haizhou},
  journal={Audio, Speech, and Language Processing, IEEE/ACM Transactions on},
  volume={23},
  number={3},
  pages={472--482},
  year={2015},
  publisher={IEEE}
}

@article{resnik1999semantic,
  title={Semantic similarity in a taxonomy: An information-based measure and its application to problems of ambiguity in natural language},
  author={Resnik, Philip and others},
  journal={J. Artif. Intell. Res.(JAIR)},
  volume={11},
  pages={95--130},
  year={1999}
}

@InProceedings{velatan2015,
  author    = {Vela, Mihaela  and  Tan, Liling},
  title     = {Predicting Machine Translation Adequacy with Document Embeddings},
  booktitle = {Proceedings of the Tenth Workshop on Statistical Machine Translation},
  year      = {2015},
  address   = {Lisbon, Portugal},
  pages     = {402--410},
  url       = {http://aclweb.org/anthology/W15-3051}
}

@inproceedings{ma2011consistent,
  title={Consistent translation using discriminative learning: a translation memory-inspired approach},
  author={Ma, Yanjun and He, Yifan and Way, Andy and van Genabith, Josef},
  booktitle={Proceedings of the 49th Annual Meeting of the Association for Computational Linguistics: Human Language Technologies-Volume 1},
  pages={1239--1248},
  year={2011},
}

@InProceedings{agirre2015,
  author    = {Agirre, Eneko  and  Banea, Carmen  and  Cardie, Claire  and  Cer, Daniel  and  Diab, Mona  and  Gonzalez-Agirre, Aitor  and  Guo, Weiwei  and  Lopez-Gazpio, Inigo  and  Maritxalar, Montse  and  Mihalcea, Rada  and  Rigau, German  and  Uria, Larraitz  and  Wiebe, Janyce},
  title     = {SemEval-2015 Task 2: Semantic Textual Similarity, English, Spanish and Pilot on Interpretability},
  booktitle = {Proceedings of the 9th International Workshop on Semantic Evaluation (SemEval 2015)},
  year      = {2015},
  address   = {Denver, Colorado},
  pages     = {252--263},
}


@INPROCEEDINGS{Agirre2012,
    author = {Agirre, Eneko and Cer, Daniel and Diab, Mona and Gonzalez-Agirre, Aitor},
    title = {{SemEval-2012 Task 6: A Pilot on Semantic Textual Similarity}},
    booktitle = {{First Joint Conference on Lexical and Computational Semantics (*SEM): Proceedings of the Main Conference and the Shared Task}},
    year = {2012},
    address   = {Montr\'{e}al, Canada},	
    pages = {385--393}
}


@INPROCEEDINGS{Agirre2013,
    author = {Agirre, Eneko and Cer, Daniel and Diab, Mona and Gonzalez-Agirre, Aitor and Guo, Weiwei},
    title = {{SEM 2013 shared task: Semantic Textual Similarity}},
    booktitle = {{Second Joint Conference on Lexical and Computational Semantics (*SEM), Volume 1: Proceedings of the Main Conference and the Shared Task}},
    year = {2013},
    address   = {Atlanta, Georgia},	
    pages = {32--43}
}

@INPROCEEDINGS{Agirre2014,
    author = {Agirre, Eneko and Banea, Carmen and Cardic, Claire and Cer, Daniel and Diab, Mona and Gonzalez-Agirre, Aitor and Guo, Weiwei and Mihalcea, Rada and Rigau, German and Wiebe, Janyce},
    title = {{SemEval-2014 Task 10: Multilingual Semantic Textual Similarity}},
    booktitle = {{Proceedings of the 8th International Workshop on Semantic Evaluation (SemEval 2014)}},
    year = {2014},
    address   = {Dublin, Ireland},	
    pages = {81--91}
}

@inproceedings{sultan2014dls,
  title={Dls@ cu: Sentence similarity from word alignment},
  author={Sultan, Md Arafat and Bethard, Steven and Sumner, Tamara},
  booktitle={Proceedings of the 8th International Workshop on Semantic Evaluation (SemEval 2014)},
  pages={241--246},
  year={2014}
}

@inproceedings{sultan2015dls,
  title={DLS@ CU: Sentence similarity from word alignment and semantic vector composition},
  author={Sultan, Md Arafat and Bethard, Steven and Sumner, Tamara},
  booktitle={Proceedings of the 9th International Workshop on Semantic Evaluation},
  pages={148--153},
  year={2015}
}

@inproceedings{mikolov2013distributed,
  title={Distributed representations of words and phrases and their compositionality},
  author={Mikolov, Tomas and Sutskever, Ilya and Chen, Kai and Corrado, Greg S and Dean, Jeff},
  booktitle={Advances in neural information processing systems},
  pages={3111--3119},
  year={2013}
}

@InProceedings{baroni2014composes,
  author    = {Baroni, Marco  and  Dinu, Georgiana  and  Kruszewski, Germ\'{a}n},
  title     = {Don't count, predict! A systematic comparison of context-counting vs. context-predicting semantic vectors},
  booktitle = {Proceedings of the 52nd Annual Meeting of the Association for Computational Linguistics (Volume 1: Long Papers)},
  year      = {2014},
  address   = {Baltimore, Maryland},
  pages     = {238--247},
  url       = {http://www.aclweb.org/anthology/P14-1023}
}

@article{sultan2014back,
  title={Back to basics for monolingual alignment: Exploiting word similarity and contextual evidence},
  author={Sultan, Md Arafat and Bethard, Steven and Sumner, Tamara},
  journal={Transactions of the Association for Computational Linguistics},
  volume={2},
  pages={219--230},
  year={2014}
}

@InProceedings{ppdb,
  author    = {Ganitkevitch, Juri  and  Van Durme, Benjamin  and  Callison-Burch, Chris},
  title     = {PPDB: The Paraphrase Database},
  booktitle = {Proceedings of the 2013 Conference of the North American Chapter of the Association for Computational Linguistics: Human Language Technologies},
  year      = {2013},
  address   = {Atlanta, Georgia},
  pages     = {758--764},
  url       = {http://www.aclweb.org/anthology/N13-1092}
}

@inproceedings{de2006generating,
  title={Generating typed dependency parses from phrase structure parses},
  author={De Marneffe, Marie-Catherine and MacCartney, Bill and Manning, Christopher D},
  booktitle={Proceedings of LREC},
  volume={6},
  year={2006},
  pages={449--454}
}

@misc{pywsd14,
author={Liling Tan},
title={Pywsd: Python Implementations of Word Sense Disambiguation (WSD) Technologies [software]},
year={2014},
howpublished={https://github.com/alvations/pywsd}},
}

@InProceedings{glove2014,
  author    = {Pennington, Jeffrey  and  Socher, Richard  and  Manning, Christopher},
  title     = {Glove: Global Vectors for Word Representation},
  booktitle = {Proceedings of the 2014 Conference on Empirical Methods in Natural Language Processing (EMNLP)},
  year      = {2014},
  address   = {Doha, Qatar},
  pages     = {1532--1543},
  url       = {http://www.aclweb.org/anthology/D14-1162}
}

@inproceedings{levy2014linguistic,
  title={Linguistic Regularities in Sparse and Explicit Word Representations.},
  author={Levy, Omer and Goldberg, Yoav and Ramat-Gan, Israel},
  booktitle={CoNLL},
  pages={171--180},
  year={2014}
}

@article{hochreiter1997long,
  title={Long short-term memory},
  author={Hochreiter, Sepp and Schmidhuber, J{\"u}rgen},
  journal={Neural computation},
  volume={9},
  number={8},
  pages={1735--1780},
  year={1997},
  publisher={MIT Press}
}

@InProceedings{treelstm,
  author    = {Tai, Kai Sheng  and  Socher, Richard  and  Manning, Christopher D.},
  title     = {Improved Semantic Representations From Tree-Structured Long Short-Term Memory Networks},
  booktitle = {Proceedings of the 53rd Annual Meeting of the Association for Computational Linguistics and the 7th International Joint Conference on Natural Language Processing (Volume 1: Long Papers)},
  year      = {2015},
  address   = {Beijing, China},
  pages     = {1556--1566},
  url       = {http://www.aclweb.org/anthology/P15-1150}
}


@InProceedings{cho2014,
  author    = {Cho, Kyunghyun  and  van Merrienboer, Bart  and  Gulcehre, Caglar  and  Bahdanau, Dzmitry  and  Bougares, Fethi  and  Schwenk, Holger  and  Bengio, Yoshua},
  title     = {Learning Phrase Representations using RNN Encoder--Decoder for Statistical Machine Translation},
  booktitle = {Proceedings of the 2014 Conference on Empirical Methods in Natural Language Processing (EMNLP)},
  year      = {2014},
  address   = {Doha, Qatar}
  pages     = {1724--1734},
  url       = {http://www.aclweb.org/anthology/D14-1179}
}

@InProceedings{reval2015,
  author    = {Gupta, Rohit  and  Or\u{a}san, Constantin  and  van Genabith, Josef},
  title     = {ReVal: A Simple and Effective Machine Translation Evaluation Metric Based on Recurrent Neural Networks},
  booktitle = {Proceedings of the 2015 Conference on Empirical Methods in Natural Language Processing},
  year      = {2015},
  address   = {Lisbon, Portugal},
  pages     = {1066--1072}
}

@article{bengio1994learning,
  title={Learning long-term dependencies with gradient descent is difficult},
  author={Bengio, Yoshua and Simard, Patrice and Frasconi, Paolo},
  journal={Neural Networks, IEEE Transactions on},
  volume={5},
  number={2},
  pages={157--166},
  year={1994},
  publisher={IEEE}
}

@article{elman1990finding,
  title={Finding structure in time},
  author={Elman, Jeffrey L},
  journal={Cognitive science},
  volume={14},
  number={2},
  pages={179--211},
  year={1990},
  publisher={Elsevier}
}


@InProceedings{stasis2016,
  author    = {Liling Tan and Carolina Scarton and Rohit Gupta and Hanna Bechara and Hernani Costa and Chris Hokamp and Anna Zaretskaya and Cuong Hoang and Joachim Daiber and Liangyou Li and Santanu Pal and Varvara Logacheva},
  title     = {Stasis: An Annotated Repository for Semantic Textual Similarity},
  booktitle = {Proceedings of the 10th International Workshop on Semantic Evaluation (SemEval 2016)},
  year      = {2016},
  address   = {San Diego, California}
}


@inproceedings{banerjee03,
    title     = {{Extended Gloss Overlaps as a Measure of Semantic Relatedness}},
    author    = {Banerjee, Satanjeev and Pedersen, Ted},
    booktitle = {{18$^{th}$ Int. Joint Conf. on Artificial Intelligence}},
    series    = {IJCAI'03},
    pages     = {805--810},
    address   = {CA, USA},
    year      = {2003}
 }
 
 
@inproceedings{bar12,
    title     = {{UKP: Computing Semantic Textual Similarity by Combining Multiple Content Similarity Measures}},
    author    = {B\"{a}r, Daniel and Biemann, Chris and Gurevych, Iryna and Zesch, Torsten},
    booktitle = {{1$^{st}$ Joint Conference on Lexical and Computational Semantics}},
    volume    = {1},
    publisher = {ACL},
    pages     = {435--440},
    address   = {PA, USA},
    year      = {2012}
}

@inproceedings{bar12,
    title     = {{UKP: Computing Semantic Textual Similarity by Combining Multiple Content Similarity Measures}},
    author    = {B\"{a}r, Daniel and Biemann, Chris and Gurevych, Iryna and Zesch, Torsten},
    booktitle = {{1$^{st}$ Joint Conference on Lexical and Computational Semantics}},
    volume    = {1},
    publisher = {ACL},
    pages     = {435--440},
    address   = {PA, USA},
    year      = {2012}
}

@inproceedings{wang12,
    title     = {{Stanford: Probabilistic Edit Distance Metrics for STS}},
    author    = {Wang, Mengqiu and Cer, Daniel},
    booktitle = {1$^{st}$ Joint Conf. on Lexical and Computational Semantics},
    pages     = {648--654},
    publisher = {ACL},
    year      = {2012}
}


@article{li06,
    title     = {{Sentence Similarity Based on Semantic Nets and Corpus Statistics}},
    author    = {Li, Yuhua and McLean, David and Bandar, {Zuhair A.} and O'Shea, {James D.} and Crockett, Keeley},
    journal   = {{IEEE Transactions on Knowledge and Data Engineering}},
    volume    = {18},
    number    = {8},
    publisher = {IEEE},
    pages     = {1138--1150},
    year      = {2006}
 }
 
 @inproceedings{gupta2014uow,
  title={UoW: NLP techniques developed at the University of Wolverhampton for Semantic Similarity and Textual Entailment},
  author={Gupta, Rohit and B{\'e}chara, Hanna and El Maarouf, Ismail and Or\u{a}san, Constantin},
  booktitle={8th Int. Workshop on Semantic Evaluation (SemEval’14)},
  pages={785--789},
  year={2014}
}
@inproceedings{bechara2015miniexperts,
  title={Miniexperts: An svm approach for measuring semantic textual similarity},
  author={B{\'e}chara, Hanna and Costa, Hernani and Taslimipoora, Shiva and Guptaa, Rohit and Or\u{a}san, Constantin and Pastorb, Gloria Corpas and Mitkova, Ruslan},
  booktitle={Proceedings of the 9th International Workshop on Semantic Evaluation (SemEval 2015)},
  pages={96--101},
  year={2015}
}

@book{bird2009natural,
  title={Natural language processing with Python},
  author={Bird, Steven and Klein, Ewan and Loper, Edward},
  year={2009},
  publisher={" O'Reilly Media, Inc."}
}

@article{friedman2001greedy,
  title={Greedy function approximation: a gradient boosting machine},
  author={Friedman, Jerome H},
  journal={Annals of statistics},
  pages={1189--1232},
  year={2001},
  publisher={JSTOR}
}


@article{chen2015xgboost,
  title={xgboost: eXtreme Gradient Boosting},
  author={Chen, Tianqi and He, Tong},
  journal={R package version 0.4-2},
  year={2015}
}

@article{chenxgboost,
  title={XGBoost: Reliable Large-scale Tree Boosting System},
  author={Chen, Tianqi and Guestrin, Carlos},
  year={2015},
  booktitle={Proceedings of Workshop on Machine Learning Systems
at Neural Information Processing Systems}
}

@InProceedings{usaarsheff2015,
  author    = {Tan, Liling  and  Scarton, Carolina  and  Specia, Lucia  and  van Genabith, Josef},
  title     = {USAAR-SHEFFIELD: Semantic Textual Similarity with Deep Regression and Machine Translation Evaluation Metrics},
  booktitle = {Proceedings of the 9th International Workshop on Semantic Evaluation (SemEval 2015)},
  year      = {2015},
  address   = {Denver, Colorado},
  pages     = {85--89},
  url       = {http://www.aclweb.org/anthology/S15-2015}
}

@InProceedings{usaarsheff2016,
  author    = {Tan, Liling  and  Scarton, Carolina  and  Specia, Lucia  and  van Genabith, Josef},
  title     = {SAARSHEFF at SemEval-2016 Task 1: Semantic Textual Similarity with Machine Translation Evaluation Metrics and (eXtreme) Boosted Tree Ensembles},
  booktitle = {Proceedings of the 10th International Workshop on Semantic Evaluation (SemEval 2016)},
  year      = {2016},
  address   = {San Diego, California}
}


@INPROCEEDINGS{Cedeno2013,
    author = {Barr\'{o}n-Cede\~{n}o, Alberto and M\`{a}rquez, Llu\'{i}s and Fuentes, Maria and Rodr\'{i}guez, Horacio and Turmo, Jordi},
    title = {{UPC-CORE: What Can Machine Translation Evaluation Metrics and Wikipedia Do for Estimating Semantic Textual Similarity?}},
    booktitle = {{Second Joint Conference on Lexical and Computational Semantics (*SEM), Volume 1: Proceedings of the Main Conference and the Shared Task}},
    year = {2013},
    address   = {Atlanta, Georgia},	
    pages = {143--147}
}

@INPROCEEDINGS{Huang2014,
    author = {Huang, Pingping and Chang, Baobao},
    title = {{SSMT:A Machine Translation Evaluation View To Paragraph-to-Sentence Semantic Similarity}},
    booktitle = {{Proceedings of the 8th International Workshop on Semantic Evaluation (SemEval 2014)}},
    year = {2014},
    address   = {Dublin, Ireland},	
    pages = {585--589}
}

@InProceedings{berterofung2015,
  author    = {Bertero, Dario  and  Fung, Pascale},
  title     = {HLTC-HKUST: A Neural Network Paraphrase Classifier using Translation Metrics, Semantic Roles and Lexical Similarity Features},
  booktitle = {Proceedings of the 9th International Workshop on Semantic Evaluation (SemEval 2015)},
  year      = {2015},
  address   = {Denver, Colorado},
  pages     = {23--28},
  url       = {http://www.aclweb.org/anthology/S15-2004}
}
