% Wuster1969
@article{wuster1969,
title={{Die vier Dimensionen der Terminologiearbeit}},
author={Eugen W\"{u}ster},
year={1969},
journal={Mitteilungsblatt für Dolmetscher und Übersetzer},
volume={2},
number={15},
pages={1--6}
}


@article{bouma2009normalized,
  title={Normalized (pointwise) mutual information in collocation extraction},
  author={Bouma, Gerlof}
}

@inproceedings{eichler2010dfki,
  title={DFKI KeyWE: Ranking keyphrases extracted from scientific articles},
  author={Eichler, Kathrin and Neumann, G{\"u}nter},
  booktitle={Proceedings of the 5th international workshop on semantic evaluation},
  pages={150--153},
  year={2010}
}

% Terminology definition
@book{felber1984,
title={{Terminology Manual}},
author={Helmut Felber},
year={1984},
publisher={International Information Centre for Terminology},
pages={1}}

% Termhood/Unithood
@article{kageura1996,
  title={Methods of automatic term recognition: A review},
  author={Kageura, Kyo and Umino, Bin},
  journal={Terminology},
  volume={3},
  number={2},
  pages={259--289},
  year={1996},
  publisher={John Benjamins Publishing Company}
}

@article{hippisley2005head,
  title={The head-modifier principle and multilingual term extraction},
  author={Hippisley, Andrew and Cheng, David and Ahmad, Khurshid},
  journal={Natural Language Engineering},
  volume={11},
  number={02},
  pages={129--157},
  year={2005},
  publisher={Cambridge University Press}
}

@article{justeson1995,
  title={Technical terminology: some linguistic properties and an algorithm for identification in text},
  author={Justeson, John S and Katz, Slava M},
  journal={Natural language engineering},
  volume={1},
  number={01},
  pages={9--27},
  year={1995},
  publisher={Cambridge University Press}
}

%Daille, Béatrice. "Study and implementation of combined techniques for automatic extraction of terminology." The balancing act: Combining symbolic and statistical approaches to language 1 (1996): 49-66.

@article{daille1996,
title={Study and implementation of combined techniques for automatic extraction of terminology},
author={Beatrice Daille},
booktitle={The balancing act: Combining symbolic and statistical approaches to language},
year={1996},
pages={49--66}
}


% Pyscholinguistics and Word Association Norms
@book{palermo-jenkins,
 title = {Word Association Norms},  
 subtitle = {Grade School Through College},     
 author = {Palermo, David S. and Jenkins, James J.},
 pages = {488},         
 url = {http://www.jstor.org/stable/10.5749/j.cttttpz4},
 year = {1964},      
 publisher = {University of Minnesota Press},         
}

% Pyscholinguistics and Word Association Norms
@article{church1990word,
  title={Word association norms, mutual information, and lexicography},
  author={Church, Kenneth Ward and Hanks, Patrick},
  journal={Computational linguistics},
  volume={16},
  number={1},
  pages={22--29},
  year={1990},
  publisher={MIT Press}
}


@inproceedings{lambert2004alignment,
  title={Alignment of parallel corpora exploiting asymmetrically aligned phrases},
  author={Lambert, Patrik and Castell, Nuria},
  booktitle={Proceedings of LREC 2004 Workshop},
  pages={26},
  year={2004}
}


@inproceedings{bourigault1996lexter,
  title={LEXTER, a Natural Language Processing tool for terminology extraction},
  author={Bourigault, Didier and Gonzalez-Mullier, Isabelle and Gros, C{\'e}cile},
  booktitle={Proceedings of the 7th EURALEX International Congress},
  pages={771--779},
  year={1996}
}

@incollection{frantzi1998c,
  title={The c-value/nc-value method of automatic recognition for multi-word terms},
  author={Frantzi, Katerina T and Ananiadou, Sophia and Tsujii, Junichi},
  booktitle={Research and advanced technology for digital libraries},
  pages={585--604},
  year={1998},
  publisher={Springer}
}

@article{frantzi2000automatic,
  title={Automatic recognition of multi-word terms:. the c-value/nc-value method},
  author={Frantzi, Katerina and Ananiadou, Sophia and Mima, Hideki},
  journal={International Journal on Digital Libraries},
  volume={3},
  number={2},
  pages={115--130},
  year={2000},
  publisher={Springer}
}

@inproceedings{zhang2004comparison,
  title={A Comparison of Keyword-and Keyterm-Based Methods for Automatic Web Site Summarization},
  author={Zhang, Yongzheng and Milios, Evangelos and Zincir-Heywood, Nur},
  year={2004},
  booktitle={AAAI04 Workshop on Adaptive Text Extraction and Mining}
}

@article{gomez2009parallel,
  title={Parallel corpus-based bilingual terminology extraction},
  author={G{\'o}mez Guinovart, Xavier and Simoes, Alberto},
  year={2009},
  booktitle={Marie-Claude L’Homme and Sylvie Szulman, editors, 8th
International Conference on Terminology and Artificial Intelligence}
}

@inproceedings{ahmad1999university,
  title={University of Surrey Participation in TREC8: Weirdness Indexing for Logical Document Extrapolation and Retrieval (WILDER).},
  author={Ahmad, Khurshid and Gillam, Lee and Tostevin, Lena and others},
  booktitle={TREC},
  year={1999}
}

@book{sager1980english,
  title={English special languages: principles and practice in science and technology},
  author={Sager, Juan C and Dungworth, David and McDonald, Peter F and others},
  year={1980},
  publisher={John Benjamins Pub Co}
}

@inproceedings{zhang2008comparative,
  title={A Comparative Evaluation of Term Recognition Algorithms.},
  author={Zhang, Ziqi, and Iria, Jose and Brewster, Christopher},
  booktitle={Sixth International Conference on Language Resources
and Evaluation},
  year={2008}
}

@inproceedings{lossio2013combining,
  title={Combining c-value and keyword extraction methods for biomedical terms extraction},
  author={Lossio-Ventura, Juan Antonio and Jonquet, Clement and Roche, Mathieu and Teisseire, Maguelonne},
  booktitle={LBM'2013: 5th International Symposium on Languages in Biology and Medicine},
  year={2013}
}

%%%%%%%%%%%%%%%%%%%%%%%%%%%%%%%%%%%%%%%%%%%%
% TEAFF
%%%%%%%%%%%%%%%%%%%%%%%%%%%%%%%%%%%%%%%%%%%%

@inproceedings{kirchhoff2005improved,
  title={Improved language modeling for statistical machine translation},
  author={Kirchhoff, Katrin and Yang, Mei},
  booktitle={Proceedings of the ACL Workshop on Building and Using Parallel Texts},
  pages={125--128},
  year={2005},
  organization={Association for Computational Linguistics}
}

@inproceedings{smorgasbord,
  author    = {Och, Franz Josef  and  Gildea, Daniel  and  Khudanpur, Sanjeev  and  Sarkar, Anoop  and  Yamada, Kenji  and  Fraser, Alex  and  Kumar, Shankar  and  Shen, Libin  and  Smith, David  and  Eng, Katherine  and  Jain, Viren  and  Jin, Zhen  and  Radev, Dragomir},
  title     = {A Smorgasbord of Features for Statistical Machine Translation},
  booktitle = {HLT-NAACL 2004: Main Proceedings },
  editor = {Susan Dumais, Daniel Marcu and Salim Roukos},
  year      = 2004,
  month     = {May 2 - May 7},
  address   = {Boston, Massachusetts, USA},
  publisher = {Association for Computational Linguistics},
  pages     = {161--168}
}

@inproceedings{schwenk2012large,
  title={Large, pruned or continuous space language models on a gpu for statistical machine translation},
  author={Schwenk, Holger and Rousseau, Anthony and Attik, Mohammed},
  booktitle={Proceedings of the NAACL-HLT 2012 Workshop: Will We Ever Really Replace the N-gram Model? On the Future of Language Modeling for HLT},
  pages={11--19},
  year={2012},
  organization={Association for Computational Linguistics}
}

@inproceedings{lembersky2012adapting,
  title={Adapting translation models to translationese improves SMT},
  author={Lembersky, Gennadi and Ordan, Noam and Wintner, Shuly},
  booktitle={Proceedings of the 13th Conference of the European Chapter of the Association for Computational Linguistics},
  pages={255--265},
  year={2012},
  organization={Association for Computational Linguistics}
}

@inproceedings{chelba2012distributed,
  title={Distributed acoustic modeling with back-off n-grams},
  author={Chelba, Ciprian and Xu, Peng and Pereira, Fernando and Richardson, Thomas},
  booktitle={Acoustics, Speech and Signal Processing (ICASSP), 2012 IEEE International Conference on},
  pages={4129--4132},
  year={2012},
  organization={IEEE}
}

@inproceedings{chelba2010,
title = {Challenges in Automatic Speech Recognition},
author  = {Ciprian Chelba and Johan Schalkwyk and Michiel Bacchiani},
year  = 2010,
note  = {ISCA Student panel presentation slides},
booktitle = {Interspeech 2010}
}


@inproceedings{chen1996empirical,
  title={An empirical study of smoothing techniques for language modeling},
  author={Chen, Stanley F and Goodman, Joshua},
  booktitle={Proceedings of the 34th annual meeting on Association for Computational Linguistics},
  pages={310--318},
  year={1996},
  organization={Association for Computational Linguistics}
}

@inproceedings{gurulingappa18empirical,
  title={An Empirical Evaluation of Resources for the Identification of Diseases and Adverse Effects in Biomedical Literature},
  year="2010",
  author={Gurulingappa, Harsha and Klinger, Roman and Hofmann-Apitius, Martin and Fluck, Juliane},
  booktitle={2nd Workshop on Building and Evaluating Resources for Biomedical Text Mining Tuesday, 18 th March 2010},
  pages={15}
}


@Article{Hanisch2005,
author="Hanisch, Daniel
and Fundel, Katrin
and Mevissen, Heinz-Theodor
and Zimmer, Ralf
and Fluck, Juliane",
title="ProMiner: rule-based protein and gene entity recognition",
journal="BMC Bioinformatics",
year="2005",
volume="6",
number="1",
pages="1--9"
}

@InProceedings{bechara-EtAl:2016:SemEval,
  author    = {Bechara, Hannah  and  Gupta, Rohit  and  Tan, Liling  and  Orasan, Constantin  and  Mitkov, Ruslan  and  van Genabith, Josef},
  title     = {WOLVESAAR at SemEval-2016 Task 1: Replicating the Success of Monolingual Word Alignment and Neural Embeddings for Semantic Textual Similarity},
  booktitle = {Proceedings of the 10th International Workshop on Semantic Evaluation (SemEval-2016)},
  month     = {June},
  year      = {2016},
  address   = {San Diego, California},
  publisher = {Association for Computational Linguistics},
  pages     = {634--639},
  url       = {http://www.aclweb.org/anthology/S16-1096}
}

@InProceedings{biopener,
author = {Tilia Ellendorff and Liling Tan and Giuseppe Rizzo and Francesca Frontini and Rodrigo Agerri},
title ={BiOpeNER Project},
year = {2014},
booktitle ={Come Hack with OpeNER! Workshop Hackathon Presentation},
url       = {https://www.dropbox.com/s/s0xhx4461cv85yw/BiOpeNER_presentation.pdf}
}


@article{Pedregosa2011,
 title={{Scikit-learn: Machine Learning in {P}ython}},
 author={Pedregosa, Fabian and Varoquaux, Ga\"{e}l and Gramfort, Alexandre and Michel, Vincent
         and Thirion, Bertrand and Grisel, Olivier and Blondel, Mathieu and Prettenhofer, Peter
         and Weiss, Ron and Dubourg, Vincent and Vanderplas, Jake and Passos, Alexandre and
         Cournapeau, David and Brucher, Matthieu and Perrot, Matthieu and Duchesnay, \'{E}douard},
 journal={Journal of Machine Learning Research},
 volume={12},
 pages={2825--2830},
 year={2011}
}

@article{chenxgboost,
  title={XGBoost: Reliable Large-scale Tree Boosting System},
  author={Chen, Tianqi and Guestrin, Carlos},
  year={2015},
  booktitle={Proceedings of Workshop on Machine Learning Systems
at Neural Information Processing Systems}
}

@inproceedings{bonin2010contrastive,
  title={A contrastive approach to multi-word term extraction from domain corpora},
  author={Bonin, Francesca and Dell’Orletta, Felice and Venturi, Giulia and Montemagni, Simonetta},
  year={2010},
  booktitle={Proceedings of the 7th International Conference on Language Resources and Evaluation}
}

@inproceedings{enkhsaikhan2007measuring,
  title={Measuring data-driven ontology changes using text mining},
  author={Enkhsaikhan, Majigsuren and Wong, Wilson and Liu, Wei and Reynolds, Mark},
  booktitle={Proceedings of the sixth Australasian conference on Data mining and analytics-Volume 70},
  pages={39--46},
  year={2007},
  organization={Australian Computer Society, Inc.}
}

@article{manning2016computational,
  title={Computational Linguistics and Deep Learning},
  author={Manning, Christopher D},
  journal={Computational Linguistics},
  year={2016},
  publisher={MIT Press}
}