@article{Mitchell:Lapata:2010, 
  author = {Jeff Mitchell and Mirella Lapata}, 
  title = {{Composition in Distributional Models of Semantics}}, 
  journal = {Cognitive Science}, 
  year = {2010}, 
  volume = {34}, 
  number = {8}, 
  pages = {1388--1439} 
 } 

@mastersthesis{xling2013,
	author = "Liling Tan",
	title ={{Examining crosslingual word sense disambiguation}},
	school = "Nanyang Technological University. pages 17-21",
	year = "2013",
	pages = {17-21}
}

@InProceedings{thater2011,
author="Thater, Stefan
and F{\"u}rstenau, Hagen
and Pinkal, Manfred",
title={{Word Meaning in Context: A Simple and Effective Vector Model}},
booktitle="Proceedings of 5th International Joint Conference on Natural Language Processing",
year="2011",
publisher="Asian Federation of Natural Language Processing",
pages="1134--1143",
location="Chiang Mai, Thailand",
}

